

@article{barnes2011,  title={Lack of sleep and unethical conduct},  author={Barnes, Christopher M and Schaubroeck, John and Huth, Megan and Ghumman, Sonia},  journal={Organizational Behavior and Human Decision Processes},  volume={115},  number={2},  pages={169--180},  year={2011},  publisher={Elsevier}}



@article{chi2015,  title={Can personality traits and daily positive mood buffer the harmful effects of daily negative mood on task performance and service sabotage? A self-control perspective},  author={Chi, Nai-Wen and Chang, Huo-Tsan and Huang, Hsien-Lier},  journal={Organizational Behavior and Human Decision Processes},  volume={131},  pages={1--15},  year={2015},  publisher={Elsevier}}




@article{schaubroeck2016,
  title={Can peers’ ethical and transformational leadership improve coworkers’ service quality? A latent growth analysis},
  author={Schaubroeck, John and Lam, Simon SK and Peng, Ann C},
  journal={Organizational Behavior and Human Decision Processes},
  volume={133},
  pages={45--58},
  year={2016},
  publisher={Elsevier}
}



@article{li2017,  title={Intra-individual variability in job complexity over time: Examining the effect of job complexity trajectory on employee job strain},  author={Li, Junchao and Burch, Tyler C and Lee, Thomas W},  journal={Journal of Organizational Behavior},  volume={38},  number={5},  pages={671--691},  year={2017},  publisher={Wiley Online Library}}



@article{zhu2016,  title={Ups and downs of the expatriate experience? Understanding work adjustment trajectories and career outcomes.},  author={Zhu, Jing and Wanberg, Connie R and Harrison, David A and Diehn, Erica W},  journal={Journal of Applied Psychology},  volume={101},  number={4},  pages={549},  year={2016},  publisher={American Psychological Association}}



@article{hardy2018,  title={Interrelationships Among Self-Regulated Learning Processes: Toward a Dynamic Process-Based Model of Self-Regulated Learning},  author={Hardy, Jay H and Day, Eric Anthony and Steele, Logan M},  journal={Journal of Management},  pages={0149206318780440},  year={2018},  publisher={SAGE Publications Sage CA: Los Angeles, CA}}




@article{kaltiainen2017,  title={Dynamic interplay between merger process justice and cognitive trust in top management: A longitudinal study.},  author={Kaltiainen, Janne and Lipponen, Jukka and Holtz, Brian C},  journal={Journal of Applied Psychology},  volume={102},  number={4},  pages={636},  year={2017},  publisher={American Psychological Association}}




@article{mcphee1981,
  title={Mathematical modeling in communication research: An overview},
  author={McPhee, Robert D and Scott Poole, Marshall},
  journal={Annals of the International Communication Association},
  volume={5},
  number={1},
  pages={159--191},
  year={1981},
  publisher={Taylor \& Francis}
}


@book{morgan2015,
  title={Counterfactuals and causal inference},
  author={Morgan, Stephen L and Winship, Christopher},
  year={2015},
  publisher={Cambridge University Press}
}



@article{dreher1991,
  title={Cognitive ability and career attainment: Moderating effects of early career success.},
  author={Dreher, George F and Bretz, Robert D},
  journal={Journal of Applied Psychology},
  volume={76},
  number={3},
  pages={392},
  year={1991},
  publisher={American Psychological Association}
}




@article{erez2002,
  title={The influence of positive affect on the components of expectancy motivation.},
  author={Erez, Amir and Isen, Alice M},
  journal={Journal of Applied psychology},
  volume={87},
  number={6},
  pages={1055},
  year={2002},
  publisher={American Psychological Association}
}



@article{vancouver2018,
  title={Translating Informal Theories Into Formal Theories: The Case of the Dynamic Computational Model of the Integrated Model of Work Motivation},
  author={Vancouver, Jeffrey B and Wang, Mo and Li, Xiaofei},
  journal={Organizational Research Methods},
  pages={1094428118780308},
  year={2018},
  publisher={SAGE Publications Sage CA: Los Angeles, CA}
}



@article{monge1990,
  title={Theoretical and analytical issues in studying organizational processes},
  author={Monge, Peter R},
  journal={Organization science},
  volume={1},
  number={4},
  pages={406--430},
  year={1990},
  publisher={INFORMS}
}


@book{mitchell2009,
  title={Complexity: A guided tour},
  author={Mitchell, Melanie},
  year={2009},
  publisher={Oxford University Press}
}


@article{vaneerde1996,
  title={Vroom's expectancy models and work-related criteria: A meta-analysis.},
  author={Van Eerde, Wendelien and Thierry, Henk},
  journal={Journal of applied psychology},
  volume={81},
  number={5},
  pages={575},
  year={1996},
  publisher={American Psychological Association}
}


@incollection{iida2012,
  title={Using diary methods in psychological research},
  author={M Iida and P E Shrout and J P Laurenceau and N Bolger},
  editor={H Cooper and P M Camic and D L Long and A T Panter and D Rindskopf and K J Sher},
  booktitle={APA handbook of research methods in psychology},
  publisher={American Psychological Association},
  pages={277--305},
  year={2012}
}




@article{zaheer1999,
  title={Time scales and organizational theory},
  author={Zaheer, Srilata and Albert, Stuart and Zaheer, Akbar},
  journal={Academy of Management Review},
  volume={24},
  number={4},
  pages={725--741},
  year={1999},
  publisher={Academy of Management}
}



@article{bergh1993,
  title={Watch the time carefully: The use and misuse of time effects in management research},
  author={Bergh, Donald D},
  journal={Journal of Management},
  volume={19},
  number={3},
  pages={683--705},
  year={1993},
  publisher={Sage Publications Sage CA: Thousand Oaks, CA}
}



@article{Edwards2008,
  title={To prosper, organizational psychology should… overcome methodological barriers to progress},
  author={Edwards, Jeffrey R},
  journal={Journal of Organizational Behavior},
  volume={29},
  number={4},
  pages={469--491},
  year={2008},
  publisher={Wiley Online Library}
}

@article{Beal2015,
  title={ESM 2.0: State of the art and future potential of experience sampling methods in organizational research},
  author={Beal, Daniel J},
  journal={Annu. Rev. Organ. Psychol. Organ. Behav.},
  volume={2},
  number={1},
  pages={383--407},
  year={2015},
  publisher={Annual Reviews}
}


@article{Dobrow2013,
  title = {Dynamics of calling: A longitudinal study of musicians},
  volume = {34},
  issn = {1099-1379},
  url = {http://dx.doi.org/10.1002/job.1808},
  doi = {10.1002/job.1808},
  timestamp = {2015-09-08 13:07:22},
  number = {4},
  journaltitle = {Journal of Organizational Behavior},
  shortjournal = {Journal of Organizational Behavior},
  author = {Dobrow, Shoshana R.},
  date = {2013},
  pages = {431--452},
  keywords = {calling,careers,longitudinal study,meaning of work,multilevel analyses,musicians}
}

@article{Taylor2014,
  title = {Developing and Testing a Dynamic Model of Workplace Incivility Change},
  url = {http://jom.sagepub.com/content/early/2014/05/09/0149206314535432.abstract},
  doi = {10.1177/0149206314535432},
  journaltitle = {Journal of Management},
  shortjournal = {Journal of Management},
  author = {Taylor, Shannon G. and Bedeian, Arthur G. and Cole, Michael S. and Zhang, Zhen},
  date = {2014-05-27}
}
@Manual{R-base,
  title = {R: A Language and Environment for Statistical Computing},
  author = {{R Core Team}},
  organization = {R Foundation for Statistical Computing},
  address = {Vienna, Austria},
  year = {2017},
  url = {https://www.R-project.org/},
}
@Book{R-ggplot2,
  author = {Hadley Wickham},
  title = {ggplot2: Elegant Graphics for Data Analysis},
  publisher = {Springer-Verlag New York},
  year = {2009},
  isbn = {978-0-387-98140-6},
  url = {http://ggplot2.org},
}
@Manual{R-papaja,
  author = {Frederik Aust and Marius Barth},
  title = {{papaja}: {Create} {APA} manuscripts with {R Markdown}},
  year = {2017},
  note = {R package version 0.1.0.9492},
  url = {https://github.com/crsh/papaja},
}

@article{Chun2014,
  title = {Members needs, intragroup conflict, and group performance.},
  volume = {99},
  issn = {1939-1854(Electronic);0021-9010(Print)},
  doi = {10.1037/a0036363},
  number = {3},
  journaltitle = {Journal of Applied Psychology},
  shortjournal = {J. Appl. Psychol.},
  author = {Chun, Jinseok S. and Choi, Jin Nam},
  date = {2014},
  pages = {437--450}
}

@article{Ziliak1997,
  title = {Efficient Estimation With Panel Data When Instruments Are Predetermined: An Empirical Comparison of Moment-Condition Estimators},
  volume = {15},
  number = {4},
  journaltitle = {Journal of Business and Economic Statistics},
  shortjournal = {J. Bus. Econ. Stat.},
  author = {Ziliak, James P.},
  date = {1997-10-01},
  pages = {419-431},
  keywords = {Economics}
}

@article{Anderson1982,
  title = {Formulation and estimation of dynamic models using panel data},
  volume = {18},
  issn = {0304-4076},
  doi = {10.1016/0304-4076(82)90095-1},
  number = {1},
  journaltitle = {Journal of Econometrics},
  shortjournal = {Journal of Econometrics},
  author = {Anderson, T.W. and Hsiao, Cheng},
  date = {1982-01-01},
  pages = {47--82}
}

@article{Schonfeld2007,
  title = {Hierarchical Linear Modeling in Organizational Research: Longitudinal Data Outside the Context of Growth Modeling},
  volume = {10},
  url = {http://orm.sagepub.com/content/10/3/417.abstract},
  doi = {10.1177/1094428107300229},
  number = {3},
  journaltitle = {Organizational Research Methods},
  shortjournal = {Organizational Research Methods},
  author = {Schonfeld, Irvin Sam and Rindskopf, David},
  date = {2007-07-01},
  pages = {417--429}
}

@article{Shin2015,
  title = {Does Team Culture Matter? Roles of Team Culture and Collective Regulatory Focus in Team Task and Creative Performance},
  url = {http://gom.sagepub.com/content/early/2015/05/06/1059601115584998.abstract},
  doi = {10.1177/1059601115584998},
  journaltitle = {Group \& Organization Management},
  shortjournal = {Group \& Organization Management},
  author = {Shin, Yuhyung and Kim, Mihee and Choi, Jin Nam and Lee, Sang-Hoon},
  date = {2015-05-04}
}


@article{Judson1999,
  title = {Estimating dynamic panel data models: a guide for macroeconomists},
  volume = {65},
  issn = {0165-1765},
  url = {http://www.sciencedirect.com/science/article/pii/S0165176599001305},
  doi = {10.1016/S0165-1765(99)00130-5},
  number = {1},
  journaltitle = {Economics Letters},
  shortjournal = {Economics Letters},
  author = {Judson, Ruth A and Owen, Ann L},
  date = {1999-10},
  pages = {9--15},
  keywords = {Dynamic model,Panel data,Simulation}
}

@article{Park2015,
  title = {Only time will tell: The changing relationships between {LMX}, job performance, and justice.},
  volume = {100},
  issn = {1939-1854(Electronic);0021-9010(Print)},
  doi = {10.1037/a0038907},
  number = {3},
  journaltitle = {Journal of Applied Psychology},
  shortjournal = {J. Appl. Psychol.},
  author = {Park, Sanghee and Sturman, Michael C. and Vanderpool, Chelsea and Chan, Elisa},
  date = {2015},
  pages = {660--680}
}

@article{Clark2015,
  title = {Should I Use Fixed or Random Effects?},
  volume = {3},
  doi = {10.1017/psrm.2014.32},
  timestamp = {2015-09-09 17:43:23},
  number = {02},
  journaltitle = {Political Science Research and Methods},
  shortjournal = {Polit. Sci. Res. Methods},
  author = {Clark, Tom S. and Linzer, Drew A.},
  date = {2015},
  pages = {399--408}
}

@article{Marriott1954,
  title = {Bias in the estimation of autocorrelations},
  volume = {41},
  timestamp = {2015-09-08 18:45:31},
  journaltitle = {Biometrika},
  shortjournal = {Biometrika},
  author = {Marriott, F. H. C and Pope, J. A},
  date = {1954},
  pages = {390--402}
}



@incollection{Hurwicz1950,
  location = {New York},
  title = {Least squares bias in time series},
  timestamp = {2015-09-08 18:46:59},
  booktitle = {Statistical Inference in Dynamic Economic Models},
  publisher = {Wiley},
  author = {Hurwicz, Leonard},
  editor = {Koopmans, T. C},
  date = {1950}
}

@article{Lancaster2000,
  title = {The incidental parameter problem since 1948},
  volume = {95},
  issn = {0304-4076},
  url = {http://www.sciencedirect.com/science/article/pii/S0304407699000445},
  doi = {10.1016/S0304-4076(99)00044-5},
  number = {2},
  journaltitle = {Journal of Econometrics},
  shortjournal = {Journal of Econometrics},
  author = {Lancaster, Tony},
  date = {2000-04},
  pages = {391--413}
}


@book{Luenberger1979,
  location = {Hoboken, {NJ}},
  title = {Introduction to Dynamic Systems: Theory, Models, and Applications},
  timestamp = {2015-09-08 16:55:55},
  publisher = {John Wiley \& Sons},
  author = {Luenberger, David G.},
  date = {1979}
}

@article{Wansbeek1996,
  title = {On {IV}, {GMM} and {ML} in a dynamic panel data model},
  volume = {51},
  issn = {0165-1765},
  url = {http://www.sciencedirect.com/science/article/pii/0165176595007857},
  doi = {10.1016/0165-1765(95)00785-7},
  timestamp = {2015-09-08 22:52:07},
  number = {2},
  journaltitle = {Economics Letters},
  shortjournal = {Economics Letters},
  author = {Wansbeek, Tom and Bekker, Paul},
  date = {1996-05},
  pages = {145--152}
}


@article{Arellano1991,
  title = {Some Tests of Specification for Panel Data: Monte Carlo Evidence and an Application to Employment Equations},
  volume = {58},
  issn = {00346527},
  doi = {10.2307/2297968},
  eprint = {2297968},
  number = {2},
  journaltitle = {The Review of Economic Studies},
  shortjournal = {The Review of Economic Studies},
  author = {Arellano, Manuel and Bond, Stephen},
  date = {1991-04-01},
  pages = {277--297}
}

@book{Wooldridge2010,
  location = {Cambridge, {MA}},
  edition = {2},
  title = {Econometric Analysis of Cross Section and Panel Data},
  timestamp = {2015-09-08 19:49:00},
  publisher = {{MIT} Press},
  author = {Wooldridge, M, Jeffrey},
  date = {2010}
}


@book{Wooldridge2000,
  title = {Introductory Econometrics: A Modern Approach},
  publisher = {South-Western College Publishing},
  author = {Wooldridge, M, Jeffrey},
  date = {2000}
}



@article{Bollen2010,
  title = {A General Panel Model with Random and Fixed Effects: A Structural Equations Approach},
  volume = {89},
  number = {1},
  journaltitle = {Social Forces},
  shortjournal = {Soc. Forces},
  author = {Bollen, Kenneth A. and Brand, Jennie E.},
  date = {2010},
  pages = {1--34},
  langid = {english},
  keywords = {Economic models,Permits,Sociology,Software,Studies,Variables}
}

@book{Harvey1990,
  location = {Cambridge, MA},
  edition = {2},
  title = {The Econometric Analysis of Time Series},
  timestamp = {2015-09-08 16:56:57},
  publisher = {MIT Press},
  author = {Harvey, Andrew C.},
  date = {1990},
  note = {harvey1990}
}

@article{Smith2014,
  title = {Dynamic Decision Making: A Model of Senior Leaders Managing Strategic Paradoxes},
  volume = {57},
  url = {http://amj.aom.org/content/57/6/1592.abstract},
  doi = {10.5465/amj.2011.0932},
  number = {6},
  journaltitle = {Academy of Management Journal},
  shortjournal = {Academy of Management Journal},
  author = {Smith, Wendy K.},
  date = {2014-12-01},
  pages = {1592--1623}
}


@article{vonEye2012,
author = {Alexander {von Eye} and Richard P. DeShon},
title = {Directional dependence in developmental research},
journal = {International Journal of Behavioral Development},
volume = {36},
number = {4},
pages = {303-312},
year = {2012},
doi = {10.1177/0165025412439968},
URL = {https://doi.org/10.1177/0165025412439968},
eprint = {https://doi.org/10.1177/0165025412439968}
}

@book{McElreath2016,
  title={Statistical Rethinking: A Bayesian Course with Examples in R and Stan},
  author={McElreath, R.},
  isbn={9781482253467},
  series={Chapman \& Hall/CRC Texts in Statistical Science},
  year={2016},
  publisher={CRC Press}
}

@book{Bollen1989,
  title={Structural Equations with Latent Variables},
  author={Kenneth A. Bollen},
  isbn={9780471011712},
  lccn={lc88027272},
  series={Wiley series in probability and mathematical statistics. Applied probability and statistics section},
  year={1989},
  publisher={Wiley}
}


@Manual{R-base,
  title = {R: A Language and Environment for Statistical Computing},
  author = {{R Core Team}},
  organization = {R Foundation for Statistical Computing},
  address = {Vienna, Austria},
  year = {2017},
  url = {https://www.R-project.org/},
}

@Manual{R-papaja,
  author = {Frederik Aust and Marius Barth},
  title = {{papaja}: {Create} {APA} manuscripts with {R Markdown}},
  year = {2017},
  note = {R package version 0.1.0.9492},
  url = {https://github.com/crsh/papaja},
}

@Book{R-knitr,
  title = {Dynamic Documents with {R} and knitr},
  author = {Yihui Xie},
  publisher = {Chapman and Hall/CRC},
  address = {Boca Raton, Florida},
  year = {2015},
  edition = {2nd},
  note = {ISBN 978-1498716963},
  url = {https://yihui.name/knitr/},
}

@Book{R-ggplot2,
  author = {Hadley Wickham},
  title = {ggplot2: Elegant Graphics for Data Analysis},
  publisher = {Springer-Verlag New York},
  year = {2009},
  isbn = {978-0-387-98140-6},
  url = {http://ggplot2.org},
}

@article{Mathieu2006,
  title={Clarifying conditions and decision points for mediational type inferences in organizational behavior},
  author={John E Mathieu and Scott R Taylor},
  journal={Journal of Organizational Behavior},
  volume={27},
  number={8},
  pages={1031--1056},
  year={2006}
}

@article{Braun2013,
  title={Spurious relationships in growth curve modeling: The effects of stochastic trends on regression-based models},
  author={Braun, Michael T and Kuljanin, Goran and DeShon, Richard P},
  journal={Modern Research Methods for the Study of Behaviour in Organisations, New York: Routledge},
  pages={161--198},
  year={2013}
}


@article{Bergh1995,
  title={Problems with repeated measures analysis: Demonstration with a study of the diversification and performance relationship},
  author={Bergh, Donald D},
  journal={Academy of Management Journal},
  volume={38},
  number={6},
  pages={1692--1708},
  year={1995}
}

@incollection{DeShon2012,
  title={Multivariate dynamics in organizational science},
  author={Richard P DeShon},
  editor={Steve W J Kozlowski},
  booktitle={The Oxford handbook of organizational psychology},
  publisher={Oxford University Press},
  pages={117--142},
  year={2012}
}

@book{Cook1979,
  title={Quasi-experimentation: Design \& analysis issues for field settings},
  author={Cook, Thomas D and Campbell, Donald Thomas and Day, Arles},
  volume={351},
  year={1979},
  publisher={Houghton Mifflin Boston}
}


@book{Howson2006,
  title={Scientific reasoning: the Bayesian approach},
  author={Howson, Colin and Urbach, Peter},
  year={2006},
  publisher={Open Court Publishing}
}

@article{Freedman1999,
  title={From association to causation: some remarks on the history of statistics},
  author={Freedman, David A},
  journal={Journal de societe francaise de statistique, 140 (5)},
  pages={5--32},
  year={1999}
}

@article{Holland1988,
  title={Causal inference, path analysis and recursive structural equations models},
  author={Holland, Paul W},
  journal={ETS Research Report Series},
  volume={1988},
  number={1},
  year={1988}
}

@article{Shadish2002,
  title={Construct validity and external validity},
  author={Shadish, William R and Cook, Thomas D and Campbell, Donald T},
  journal={Experimental and quasi-experimental designs for generalized causal inference},
  pages={64--102},
  year={2002}
}

@article{Ployhart2010,
  title={Longitudinal research: The theory, design, and analysis of change},
  author={Ployhart, Robert E and Vandenberg, Robert J},
  journal={Journal of Management},
  volume={36},
  number={1},
  pages={94--120},
  year={2010}
}


@incollection{Ployhart2008,
  title={The measurement and analysis of motivation.},
  author={Ployhart, Robert E},
  editor={Ruth Kanfer and Gilad Chen and Richard D Pritchard},
  booktitle={Work motivation},
  pages={18-61},
  publisher={New York: Routledge},
  year={2008}
}

@article{George2000,
  title={The role of time in theory and theory building},
  author={George, Jennifer M and Jones, Gareth R},
  journal={Journal of management},
  volume={26},
  number={4},
  pages={657--684},
  year={2000}
}

@article{Mitchell2001,
  title={Building better theory: Time and the specification of when things happen},
  author={Mitchell, Terence R and James, Lawrence R},
  journal={Academy of Management Review},
  volume={26},
  number={4},
  pages={530--547},
  year={2001}
}

@article{Aguinis2014,
  title={Methodological wishes for the next decade and how to make wishes come true},
  author={Aguinis, Herman and Edwards, Jeffrey R},
  journal={Journal of Management Studies},
  volume={51},
  number={1},
  pages={143--174},
  year={2014}
}

@article{Vancouver2006,
  title={When self-efficacy negatively relates to motivation and performance in a learning context.},
  author={Vancouver, Jeffrey B and Kendall, Laura N},
  journal={Journal of Applied Psychology},
  volume={91},
  number={5},
  pages={1146--1153},
  year={2006}
}

@article{Molenaar2004,
  title={A manifesto on psychology as idiographic science: Bringing the person back into scientific psychology, this time forever},
  author={Molenaar, Peter},
  journal={Measurement},
  volume={2},
  number={4},
  pages={201--218},
  year={2004}
}

@article{Sonnentag2012,
  title={Dynamic performance},
  author={Sonnentag, Sabine and Frese, Michael},
  journal={The Oxford handbook of organizational psychology},
  volume={1},
  pages={548--575},
  year={2012}
}

@incollection{Dalal2008,
  title={Motivation for what? A multivariate dynamic perspective of the criterion},
  author={Dalal, Reeshad S and Hulin, Charles L},
  editor={Ruth Kanfer and Gilad Chen and Richard D Pritchard},
  booktitle={Work motivation: Past, present, and future}, 
  pages={63--100},
  year={2008},
  publisher={New York: Taylor}
}

@article{Neal2017,
  title={Dynamic Self-Regulation and Multiple-Goal Pursuit},
  author={Neal, Andrew and Ballard, Timothy and Vancouver, Jeffrey B},
  journal={Annual Review of Organizational Psychology and Organizational Behavior},
  volume={4},
  pages={401--423},
  year={2017}
}

@article{Kozlowski2006,
  title={Enhancing the effectiveness of work groups and teams},
  author={Kozlowski, Steve W J and Ilgen, Daniel R},
  journal={Psychological science in the public interest},
  volume={7},
  number={3},
  pages={77--124},
  year={2006}
}

@incollection{Kozlowski2000,
  title={A multilevel approach to theory and research in organizations: Contextual, temporal, and emergent processes.},
  author={Steve W J Kozlowski and Katherine J Klein},
  editor={Katherine J Klein and Steve W J Kozlowski},
  booktitle={Multilevel theory, research, and methods in organizations},
  publisher={San Francisco: Jossey-Bass},
  pages={3–90},
  year={2000}
}


@article{Mathieu2015,
author={John E Mathieu and Michael R Kukenberger and Lauren D’Innocenzo and Greg Reilly},
year={2015},
month={05},
title={Modeling reciprocal team cohesion performance relationships, as impacted by shared leadership and members’ competence},
journal={Journal of Applied Psychology},
volume={100},
number={3},
pages={713-734},
isbn={0021-9010, 0021-9010},
language={English}
}


@article{Chun2014,
  title={Members needs, intragroup conflict, and group performance.},
  author={Chun, Jinseok S and Choi, Jin Nam},
  journal={Journal of Applied Psychology},
  volume={99},
  number={3},
  pages={437},
  year={2014}
}

@article{Piening2013,
  title={The relationship between employees' perceptions of human resource systems and organizational performance: Examining mediating mechanisms and temporal dynamics.},
  author={Piening, Erk P and Baluch, Alina M and Salge, Torsten Oliver},
  journal={Journal of Applied Psychology},
  volume={98},
  number={6},
  pages={926},
  year={2013}
}

@article{Sonnentag2008,
  title={"Did you have a nice evening?" A day-level study on recovery experiences, sleep, and affect.},
  author={Sonnentag, Sabine and Binnewies, Carmen and Mojza, Eva J},
  journal={Journal of Applied Psychology},
  volume={93},
  number={3},
  pages={674},
  year={2008}
}

@article{Wang2010,
  title={Daily work--family conflict and alcohol use: Testing the cross-level moderation effects of peer drinking norms and social support.},
  author={Mo Wang and Songqi Liu and Yujie Zhan and Junqi Shi},
  journal={Journal of Applied Psychology},
  volume={95},
  number={2},
  pages={377},
  year={2010}
}

@book{Nef2016,
  title={The Self-Tracking},
  author={Neff, Gina and Nafus, Dawn},
  year={2016},
  publisher={MIT Press}
}



@article{Scandura2000,
  title={Research methodology in management: Current practices, trends, and implications for future research},
  author={Scandura, Terri A and William, Ethlyn A},
  journal={Academy of Management journal},
  volume={43},
  number={6},
  pages={1248--1264},
  year={2000}
}

@article{Aiken2008,
  title={Doctoral training in statistics, measurement, and methodology in psychology: replication and extension of Aiken, West, Sechrest, and Reno's (1990) survey of PhD programs in North America.},
  author={Aiken, Leona S and West, Stephen G and Millsap, Roger E},
  journal={American Psychologist},
  volume={63},
  number={1},
  pages={32},
  year={2008}
}

@article{Tett2013,
  title={The 2011 SIOP graduate program benchmarking survey part 3: Curriculum and competencies},
  author={Tett, RP and Walser, B and Brown, C and Simonet, DV and Tonidandel, S},
  journal={The Industrial Organizational Psychologist},
  volume={50},
  number={4},
  pages={69--89},
  year={2013}
}

@article{Kuljanin2011,
  title={A cautionary note on modeling growth trends in longitudinal data.},
  author={Kuljanin, Goran and Braun, Michael T and DeShon, Richard P},
  journal={Psychological methods},
  volume={16},
  number={3},
  pages={249},
  year={2011}
}

@article{Jebb2015,
  title={Time series analysis for psychological research: examining and forecasting change},
  author={Jebb, Andrew T and Tay, Louis and Wang, Wei and Huang, Qiming},
  journal={Frontiers in psychology},
  volume={6},
  number={727},
  year={2015}
}

@article{Pitariu2010,
  title={Explaining change: Theorizing and testing dynamic mediated longitudinal relationships},
  author={Pitariu, Adrian H and Ployhart, Robert E},
  journal={Journal of Management},
  volume={36},
  number={2},
  pages={405--429},
  year={2010}
}

@article{Bliese2002,
  title={Growth modeling using random coefficient models: Model building, testing, and illustrations},
  author={Bliese, Paul D and Ployhart, Robert E},
  journal={Organizational Research Methods},
  volume={5},
  number={4},
  pages={362--387},
  year={2002}
}

@article{Schonfeld2007,
  title={Hierarchical linear modeling in organizational research: Longitudinal data outside the context of growth modeling},
  author={Schonfeld, Irvin Sam and Rindskopf, David},
  journal={Organizational Research Methods},
  volume={10},
  number={3},
  pages={417--429},
  year={2007}
}



@article{Liu2012,
  title={Selecting a linear mixed model for longitudinal data: repeated measures analysis of variance, covariance pattern model, and growth curve approaches.},
  author={Liu, Siwei and Rovine, Michael J and Molenaar, Peter},
  journal={Psychological methods},
  volume={17},
  number={1},
  pages={15},
  year={2012}
}

@article{Wang2016,
author = {Mo Wang and Le Zhou and Zhen Zhang},
title = {Dynamic Modeling},
journal = {Annual Review of Organizational Psychology and Organizational Behavior},
volume = {3},
number = {1},
pages = {241-266},
year = {2016},
doi = {10.1146/annurev-orgpsych-041015-062553}
}


@article{Lanaj2014,
  title={Beginning the workday yet already depleted? Consequences of late-night smartphone use and sleep},
  author={Lanaj, Klodiana and Johnson, Russell E and Barnes, Christopher M},
  journal={Organizational Behavior and Human Decision Processes},
  volume={124},
  number={1},
  pages={11--23},
  year={2014}
}

@article{Lanaj2016,
  title={Benefits of transformational behaviors for leaders: A daily investigation of leader behaviors and need fulfillment},
  author={Lanaj, Klodiana and Johnson, Russell E and Lee, Stephanie M},
  journal={Journal of Applied Psychology},
  volume={101},
  number={2},
  pages={237},
  year={2016}
}

@article{Koopman2016,
  title={Integrating the bright and dark sides of OCB: A daily investigation of the benefits and costs of helping others},
  author={Koopman, Joel and Lanaj, Klodiana and Scott, Brent A},
  journal={Academy of Management Journal},
  volume={59},
  number={2},
  pages={414--435},
  year={2016}
}

@article{Rosen2016,
  title={Who strikes back? A daily investigation of when and why incivility begets incivility.},
  author={Rosen, Christopher C and Koopman, Joel and Gabriel, Allison S and Johnson, Russell E},
  year={2016},
  journal={Journal of Applied Psychology},
  volume={101},
  number={11},
  pages={1620–1634}
}



@article{Lanaj2016b,
  title={When lending a hand depletes the will: The daily costs and benefits of helping.},
  author={Lanaj, Klodiana and Johnson, Russell E and Wang, Mo},
  journal={Journal of Applied Psychology},
  volume={101},
  number={8},
  pages={1097},
  year={2016}
}

@article{Johnson2014,
  title={The good and bad of being fair: Effects of procedural and interpersonal justice behaviors on regulatory resources.},
  author={Johnson, Russell E and Lanaj, Klodiana and Barnes, Christopher M},
  journal={Journal of Applied Psychology},
  volume={99},
  number={4},
  pages={635},
  year={2014}
}

@article{Gabriel2017,
  title={Helping others or helping oneself? An episodic examination of the behavioral consequences of helping at work},
  author={Gabriel, Allison S and Koopman, Joel and Rosen, Christopher C and Johnson, Russell E},
  journal={Personnel Psychology},
  volume={101},
  number={3},
  pages={379--391},
  year={2017}
}

@article{Brannick1995,
  title={Critical comments on applying covariance structure modeling},
  author={Brannick, Michael T},
  journal={Journal of Organizational Behavior},
  volume={16},
  number={3},
  pages={201--213},
  year={1995}
}

@article{Williams1995,
  title={Covariance structure modeling in organizational research: Problems with the method versus applications of the method},
  author={Larry J Williams},
  journal={Journal of Organizational Behavior},
  volume={16},
  number={3},
  pages={225--233},
  year={1995}
}

@inproceedings{Dawid2010,
  title={Beware of the DAG!},
  author={Dawid, A Philip},
  booktitle={Causality: Objectives and Assessment},
  pages={59--86},
  year={2010}
}

@article{Binning1989,
  title={Validity of personnel decisions: A conceptual analysis of the inferential and evidential bases.},
  author={Binning, John F and Barrett, Gerald V},
  journal={Journal of Applied Psychology},
  volume={74},
  number={3},
  pages={478},
  year={1989}
}

@article{Pearl2009,
  title={Causal inference in statistics: An overview},
  author={Pearl, Judea},
  journal={Statistics surveys},
  volume={3},
  pages={96--146},
  year={2009}
}

@book{Kuhn1970,
  title={The Structure of Scientific Revolutions},
  author={Kuhn, Thomas S},
  year={1970},
  publisher={Chicago: University of Chicago Press}

}

@article{Freedman1991,
  title={Statistical models and shoe leather},
  author={Freedman, David A},
  journal={Sociological methodology},
  pages={291--313},
  year={1991}
}

@article{Dawid2016,
  title={From statistical evidence to evidence of causality},
  author={Dawid, A Philip and Musio, Monica and Fienberg, Stephen E},
  journal={Bayesian Analysis},
  volume={11},
  number={3},
  pages={725--752},
  year={2016}
}

@article{Simon1954,
  title={Spurious correlation: a causal interpretation},
  author={Simon, Herbert A},
  journal={Journal of the American statistical Association},
  volume={49},
  number={267},
  pages={467--479},
  year={1954}
}

@article{Williams1986,
  title={Antecedents and consequences of satisfaction and commitment in turnover models: A reanalysis using latent variable structural equation methods.},
  author={Larry J Williams and John T Hazer},
  journal={Journal of applied psychology},
  volume={71},
  number={2},
  pages={219},
  year={1986}
}

@article{Wainer2006,
  title={28 Three Statistical Paradoxes in the Interpretation of Group Differences: Illustrated with Medical School Admission and Licensing Data},
  author={Wainer, Howard and Brown, Lisa M},
  journal={Handbook of statistics},
  volume={26},
  pages={893--918},
  year={2006}
}

@article{Mcgrath1981,
  title={Dilemmatics: The study of research choices and dilemmas},
  author={McGrath, Joseph E},
  journal={American Behavioral Scientist},
  volume={25},
  number={2},
  pages={179--210},
  year={1981}
}

@article{Blalock1971,
  title={Causal models involving unmeasured variables in stimulus-response situations},
  author={Blalock, Hubert M},
  journal={Causal models in the social sciences},
  pages={335--347},
  year={1971}
}

@incollection{Pearl2012,
  title={The causal foundations of structural equation modeling},
  author={Pearl, Judea},
  editor={R H Hoyle},
  booktitle={Handbook of structural equation modeling},
  publisher={New York: Guilford Press},
  year={2012}
}

@article{Mathieu2008,
  title={Mediational inferences in organizational research: Then, now, and beyond},
  author={John E Mathieu and Richard P DeShon and Donald D Bergh},
  journal={Organizational Research Methods},
  volume={11},
  number={2},
  pages={203--223},
  year={2008}
}

@article{Anderson1992,
  title={Assumptions about unmeasured variables with studies of reciprocal relationships: The case of employee attitudes.},
  author={Anderson, Stella E and Larry J Williams},
  journal={Journal of Applied Psychology},
  volume={77},
  number={5},
  pages={638},
  year={1992}
}

@book{Wooldridge2010,
  title={Econometric analysis of cross section and panel data},
  author={Wooldridge, Jeffrey M},
  year={2010},
  publisher={MIT press}
}

@article{Barcikowski1981,
  title={Statistical power with group mean as the unit of analysis},
  author={Barcikowski, Robert S},
  journal={Journal of Educational Statistics},
  volume={6},
  number={3},
  pages={267--285},
  year={1981},
  publisher={Sage Publications Sage CA: Thousand Oaks, CA}
}

@article{Antonakis2010,
  title={On making causal claims: A review and recommendations},
  author={Antonakis, John and Bendahan, Samuel and Jacquart, Philippe and Lalive, Rafael},
  journal={The Leadership Quarterly},
  volume={21},
  number={6},
  pages={1086--1120},
  year={2010}
}

@article{Oboyle2011,
author={O'Boyle, Ernest H., Jr. and Larry J Williams},
year={2011},
month={01},
title={Decomposing model fit: Measurement vs. theory in organizational research using latent variables},
journal={Journal of Applied Psychology},
volume={96},
number={1},
pages={1-12}
}


@article{Grant2009,
  title={The neglected science and art of quasi-experimentation: Why-to, when-to, and how-to advice for organizational researchers},
  author={Grant, Adam M and Wall, Toby D},
  journal={Organizational Research Methods},
  volume={12},
  number={4},
  pages={653--686},
  year={2009}
}

@article{Beal2003,
  title={Methods of ecological momentary assessment in organizational research},
  author={Beal, Daniel J and Weiss, Howard M},
  journal={Organizational Research Methods},
  volume={6},
  number={4},
  pages={440--464},
  year={2003}
}

@article{Bergh1993,
  title={Watch the time carefully: The use and misuse of time effects in management research},
  author={Bergh, Donald D},
  journal={Journal of Management},
  volume={19},
  number={3},
  pages={683--705},
  year={1993}
}

@article{Engle1987,
  title={Co-integration and error correction: representation, estimation, and testing},
  author={Engle, Robert F and Granger, Clive WJ},
  journal={Econometrica: journal of the Econometric Society},
  pages={251--276},
  year={1987}
}

@article{Granger1974,
  title={Spurious regressions in econometrics},
  author={Granger, Clive WJ and Newbold, Paul},
  journal={Journal of econometrics},
  volume={2},
  number={2},
  pages={111--120},
  year={1974}
}

@article{vonEye2012,
  title={Directional dependence in developmental research},
  author={von Eye, Alexander and DeShon, Richard P},
  journal={International Journal of Behavioral Development},
  volume={36},
  number={4},
  pages={303--312},
  year={2012}
}

@article{Smaldino2016,
  title={The natural selection of bad science},
  author={Smaldino, Paul E and McElreath, Richard},
  journal={Royal Society open science},
  volume={3},
  number={9},
  pages={160384},
  year={2016}
}

@article{Wheeler1991,
  title={Self-recording of everyday life events: Origins, types, and uses},
  author={Wheeler, Ladd and Reis, Harry T},
  journal={Journal of personality},
  volume={59},
  number={3},
  pages={339--354},
  year={1991}
}

@article{Schonfeld2007,
  title={Hierarchical linear modeling in organizational research: Longitudinal data outside the context of growth modeling},
  author={Schonfeld, Irvin Sam and Rindskopf, David},
  journal={Organizational Research Methods},
  volume={10},
  number={3},
  pages={417--429},
  year={2007}
}

@book{Finch2014,
  title={Multilevel modeling using R},
  author={Finch, W Holmes and Bolin, Jocelyn E and Kelley, Ken},
  year={2014},
  publisher={Crc Press}
}

@Manual{R-base,
  title = {R: A Language and Environment for Statistical Computing},
  author = {{R Core Team}},
  organization = {R Foundation for Statistical Computing},
  address = {Vienna, Austria},
  year = {2017},
  url = {https://www.R-project.org/},
}

@Manual{R-bindrcpp,
  title = {bindrcpp: An 'Rcpp' Interface to Active Bindings},
  author = {Kirill Müller},
  year = {2017},
  note = {R package version 0.2},
  url = {https://CRAN.R-project.org/package=bindrcpp},
}

@Manual{R-dplyr,
  title = {dplyr: A Grammar of Data Manipulation},
  author = {Hadley Wickham and Romain Francois and Lionel Henry and Kirill Müller},
  year = {2017},
  note = {R package version 0.7.4},
  url = {https://CRAN.R-project.org/package=dplyr},
}

@Book{R-ggplot2,
  author = {Hadley Wickham},
  title = {ggplot2: Elegant Graphics for Data Analysis},
  publisher = {Springer-Verlag New York},
  year = {2009},
  isbn = {978-0-387-98140-6},
  url = {http://ggplot2.org},
}

@Article{R-lavaan,
  title = {{lavaan}: An {R} Package for Structural Equation Modeling},
  author = {Yves Rosseel},
  journal = {Journal of Statistical Software},
  year = {2012},
  volume = {48},
  number = {2},
  pages = {1--36},
  url = {http://www.jstatsoft.org/v48/i02/},
}

@Article{R-lubridate,
  title = {Dates and Times Made Easy with {lubridate}},
  author = {Garrett Grolemund and Hadley Wickham},
  journal = {Journal of Statistical Software},
  year = {2011},
  volume = {40},
  number = {3},
  pages = {1--25},
  url = {http://www.jstatsoft.org/v40/i03/},
}

@Manual{R-papaja,
  author = {Frederik Aust and Marius Barth},
  title = {{papaja}: {Create} {APA} manuscripts with {R Markdown}},
  year = {2017},
  note = {R package version 0.1.0.9492},
  url = {https://github.com/crsh/papaja},
}

@Manual{R-purrr,
  title = {purrr: Functional Programming Tools},
  author = {Lionel Henry and Hadley Wickham},
  year = {2017},
  note = {R package version 0.2.4},
  url = {https://CRAN.R-project.org/package=purrr},
}

@Manual{R-readr,
  title = {readr: Read Rectangular Text Data},
  author = {Hadley Wickham and Jim Hester and Romain Francois},
  year = {2017},
  note = {R package version 1.1.1},
  url = {https://CRAN.R-project.org/package=readr},
}

@Manual{R-stringr,
  title = {stringr: Simple, Consistent Wrappers for Common String Operations},
  author = {Hadley Wickham},
  year = {2017},
  note = {R package version 1.2.0},
  url = {https://CRAN.R-project.org/package=stringr},
}

@Manual{R-tibble,
  title = {tibble: Simple Data Frames},
  author = {Kirill Müller and Hadley Wickham},
  year = {2017},
  note = {R package version 1.3.4},
  url = {https://CRAN.R-project.org/package=tibble},
}

@Manual{R-tidyr,
  title = {tidyr: Easily Tidy Data with 'spread()' and 'gather()' Functions},
  author = {Hadley Wickham and Lionel Henry},
  year = {2017},
  note = {R package version 0.7.2},
  url = {https://CRAN.R-project.org/package=tidyr},
}

@Manual{R-tidyverse,
  title = {tidyverse: Easily Install and Load 'Tidyverse' Packages},
  author = {Hadley Wickham},
  year = {2017},
  note = {R package version 1.1.1},
  url = {https://CRAN.R-project.org/package=tidyverse},
}

@incollection{Miner2006,
  title={Multimethods in Industrial and Organizational Psychology: Expanding" Methods" to Include Longitudinal Designs.},
  author={Miner, Andrew G and Hulin, Charles L},
  editor={M Did and E Diener},
  booktitle={Handbook of multi method measurement in psychology},
  publisher={American Psychological Association},
  pages={429—439},
  year={2006}
}

@article{Wainer1991,
  title={Adjusting for differential base rates: Lord's paradox again.},
  author={Wainer, Howard},
  journal={Psychological bulletin},
  volume={109},
  number={1},
  pages={147},
  year={1991}
}

@article{Williams2003,
  title={Recent advances in causal modeling methods for organizational and management research},
  author={Larry J Williams and Jeffrey R Edwards and Robert J Vandenberg},
  journal={Journal of management},
  volume={29},
  number={6},
  pages={903--936},
  year={2003}
}

@article{Weinhardt2012,
  title={Computational models and organizational psychology: Opportunities abound},
  author={Weinhardt, Justin M and Vancouver, Jeffrey B},
  journal={Organizational Psychology Review},
  volume={2},
  number={4},
  pages={267--292},
  year={2012}
}

@book{Ilgen2000,
  title={Computational modeling of behavior in organizations: The third scientific discipline.},
  author={Ilgen, Daniel R and Hulin, Charles L},
  year={2000},
  publisher={American Psychological Association}
}

@book{Edwards2010,
  title={Organizational transformation for sustainability: An integral metatheory},
  author={Mark Edwards},
  year={2010},
  publisher={Routledge}
}

@article{Leavitt2010,
  title={Theory pruning: Strategies to reduce our dense theoretical landscape},
  author={Leavitt, Keith and Mitchell, Terence R and Peterson, Jeff},
  journal={Organizational Research Methods},
  volume={13},
  number={4},
  pages={644--667},
  year={2010}
}

@article{Cortina2017,
  title={Twilight of dawn or of evening? A century of research methods in the Journal of Applied Psychology.},
  author={Cortina, Jose M and Aguinis, Herman and DeShon, Richard P},
  journal={Journal of Applied Psychology},
  volume={102},
  number={3},
  pages={274},
  year={2017}
}

@article{Cucina2016,
  title={Pseudotheory proliferation is damaging the organizational sciences},
  author={Cucina, Jeffrey M and McDaniel, Michael A},
  journal={Journal of Organizational Behavior},
  volume={37},
  number={8},
  pages={1116--1125},
  year={2016}
}

@article{Cortina2016,
  title={Defining and operationalizing theory},
  author={Cortina, Jose M},
  journal={Journal of Organizational Behavior},
  volume={37},
  number={8},
  pages={1142--1149},
  year={2016}
}

@article{Hambrick2007,
  title={The field of management's devotion to theory: Too much of a good thing?},
  author={Hambrick, Donald C},
  journal={Academy of Management Journal},
  volume={50},
  number={6},
  pages={1346--1352},
  year={2007}
}

@article {Mathieu2016,
author = {Mathieu, John E},
title = {The problem with [in] management theory},
journal = {Journal of Organizational Behavior},
volume = {37},
number = {8},
issn = {1099-1379},
doi = {10.1002/job.2114},
pages = {1132--1141},
year = {2016}
}

@article{Cortina2017,
  title={Degrees of freedom in SEM: Are we testing the models that we claim to test?},
  author={Cortina, Jose M and Green, Jennifer P and Keeler, Kathleen R and Vandenberg, Robert J},
  journal={Organizational Research Methods},
  volume={20},
  number={3},
  pages={350--378},
  year={2017}
}

@book{Dubin1976,
  title={Theory building},
  author={Dubin, Robert},
  year={1976},
  publisher={New York: Free Press}
}

@article{Whetten1989,
  title={What constitutes a theoretical contribution?},
  author={Whetten, David A},
  journal={Academy of management review},
  volume={14},
  number={4},
  pages={490--495},
  year={1989}
}

@article{Mitchell2001,
  title={Building better theory: Time and the specification of when things happen},
  author={Mitchell, Terence R and James, Lawrence R},
  journal={Academy of Management Review},
  volume={26},
  number={4},
  pages={530--547},
  year={2001}
}

@article{Landy1987,
  title={Motivation theory reconsidered.},
  author={Landy, Frank J and Becker, Wendy S},
  journal={Research in organizational behavior},
  year={1987}
}

@article{Platt1964,
  title={Strong inference},
  author={Platt, John R},
  journal={science},
  volume={146},
  number={3642},
  pages={347--353},
  year={1964}
}

@article{Schmitt1978,
  title={Path analysis of multitrait-multimethod matrices},
  author={Schmitt, Neal},
  journal={Applied Psychological Measurement},
  volume={2},
  number={2},
  pages={157--173},
  year={1978}
}

@book{Deutsch2011,
  title={The beginning of infinity: Explanations that transform the world},
  author={Deutsch, David},
  year={2011},
  publisher={Penguin UK}
}

@incollection{Weiss1996,
  title={Affective events theory: A theoretical discussion of the structure, causes and consequences of affective experiences at work.},
  author={Weiss, Howard M and Cropanzano, Russell},
  editor={B M Staw and L L Cummings},
  booktitle={Research in organization behavior},
  year={1996},
  pages={1—74},
  publisher={JAI Press}
}

@article{Grandey2000,
  title={Emotional regulation in the workplace: A new way to conceptualize emotional labor.},
  author={Grandey, Alicia A},
  journal={Journal of occupational health psychology},
  volume={5},
  number={1},
  pages={95},
  year={2000}
}

@article{Baumeister2000,
  title={Ego depletion: A resource model of volition, self-regulation, and controlled processing},
  author={Baumeister, Roy F and Muraven, Mark and Tice, Dianne M},
  journal={Social cognition},
  volume={18},
  number={2},
  pages={130--150},
  year={2000}
}

@article{Einstein1911,
  title={Investigations on the Theory of the Brownian Movement},
  author={Einstein, Albert},
  journal={Annal. Physik},
  volume={34},
  pages={591--592},
  year={1911}
}

@article{Heisenberg1927,
  title={{\"U}ber den anschaulichen Inhalt der quantentheoretischen Kinematik und Mechanik [The ideological content of quantum theoretical kinematics and mechanics]},
  author={Heisenberg, Werner},
  booktitle={Original Scientific Papers Wissenschaftliche Originalarbeiten},
  pages={478--504},
  year={1927}
}

@article{Granger2004,
  title={Time series analysis, cointegration, and applications},
  author={Clive WJ Granger},
  journal={American Economic Review},
  pages={421--425},
  year={2004}
}

@article{Mook1983,
  title={In defense of external invalidity.},
  author={Mook, Douglas G},
  journal={American psychologist},
  volume={38},
  number={4},
  pages={379},
  year={1983}
}

@article{Cortina2011,
  title={The earth is not round (p=. 00)},
  author={Cortina, Jose M and Landis, Ronald S},
  journal={Organizational Research Methods},
  volume={14},
  number={2},
  pages={332--349},
  year={2011}
}

@article{Gigerenzer1998,
  title={Surrogates for theories},
  author={Gigerenzer, Gerd},
  journal={Theory \& Psychology},
  volume={8},
  number={2},
  pages={195--204},
  year={1998}
}

@article{Meehl1990,
  title={Why summaries of research on psychological theories are often uninterpretable},
  author={Meehl, Paul E},
  journal={Psychological reports},
  volume={66},
  number={1},
  pages={195--244},
  year={1990}
}

@article{Meehl1967,
  title={Theory-testing in psychology and physics: A methodological paradox},
  author={Meehl, Paul E},
  journal={Philosophy of science},
  volume={34},
  number={2},
  pages={103--115},
  year={1967}
}

@article{McGrath1981,
  title={Dilemmatics: The study of research choices and dilemmas},
  author={McGrath, Joseph E},
  journal={American Behavioral Scientist},
  volume={25},
  number={2},
  pages={179--210},
  year={1981}
}

@article{Schmitt1978,
  title={Path analysis of multitrait-multimethod matrices},
  author={Schmitt, Neal},
  journal={Applied Psychological Measurement},
  volume={2},
  number={2},
  pages={157--173},
  year={1978}
}


@article{Kirschbaum1993,
  title={Trier social stress test},
  author={Kirschbaum, Clemens},
  journal={Encyclopedia of psychopharmacology},
  pages={1755--1758},
  year={2015},
}




@article{shantz2009,
  title={An exploratory field experiment of the effect of subconscious and conscious goals on employee performance},
  author={Shantz, Amanda and Latham, Gary P},
  journal={Organizational Behavior and Human Decision Processes},
  volume={109},
  number={1},
  pages={9--17},
  year={2009},
  publisher={Elsevier}
}




@article{roberts2003,  title={Work experiences and personality development in young adulthood.},  author={Roberts, Brent W and Caspi, Avshalom and Moffitt, Terrie E},  journal={Journal of personality and social psychology},  volume={84},  number={3},  pages={582},  year={2003},  publisher={US: American Psychological Association}}


@article{schooler2001,  title={The intellectual effects of the demands of the work environment.},  author={Schooler, Carmi},  year={2001},  publisher={Lawrence Erlbaum Associates Publishers}}



@article{armstrong2008,  title={Holland's RIASEC model as an integrative framework for individual differences.},  author={Armstrong, Patrick Ian and Day, Susan X and McVay, Jason P and Rounds, James},  journal={Journal of Counseling Psychology},  volume={55},  number={1},  pages={1},  year={2008},  publisher={American Psychological Association}}


@article{mccormick1979,  title={Use of the position analysis questionnaire for establishing the job component validity of tests.},  author={McCormick, Ernest J and DeNisi, Angelo S and Shaw, James B},  journal={Journal of Applied Psychology},  volume={64},  number={1},  pages={51},  year={1979},  publisher={American Psychological Association}}






@article{reeve2015,
  title={Manifestations of intelligence: Expanding the measurement space to reconsider specific cognitive abilities},
  author={Reeve, Charlie L and Scherbaum, Charles and Goldstein, Harold},
  journal={Human Resource Management Review},
  volume={25},
  number={1},
  pages={28--37},
  year={2015},
  publisher={Elsevier}
}



@article{ackerman2005,  title={Knowledge and intelligence},  author={Ackerman, Phillip L and Beier, MARGARET E and Wilhelm, O and Engle, RW},  journal={Handbook of understanding and measuring intelligence},  pages={125--139},  year={2005},  publisher={Sage Publications Thousand Oaks, CA}}



@article{ackerman1996,  title={A theory of adult intellectual development: Process, personality, interests, and knowledge},  author={Ackerman, Phillip L},  journal={Intelligence},  volume={22},  number={2},  pages={227--257},  year={1996},  publisher={Elsevier}}




@book{luce1959,
  title={Individual choice behavior: A theoretical analysis},
  author={Luce, R Duncan},
  year={1959},
  publisher={New York: Wiley}
}



@article{pinsker1970,
  title={Habituation and dishabituation of the GM-withdrawal reflex in Aplysia},
  author={Pinsker, Harold and Kupfermann, Irving and Castellucci, Vincent and Kandel, Eiuc},
  journal={Science},
  volume={167},
  number={3926},
  pages={1740--1742},
  year={1970},
  publisher={American Association for the Advancement of Science}
}


@article{rescorla1972,
  title={A theory of Pavlovian conditioning: Variations in the effectiveness of reinforcement and nonreinforcement},
  author={Rescorla, Robert A and Wagner, Allan R},
  journal={Classical conditioning II: Current research and theory},
  volume={2},
  pages={64--99},
  year={1972},
  publisher={New-York}
}



@article{kerr1975,
  title={On the folly of rewarding A, while hoping for B},
  author={Kerr, Steven},
  journal={Academy of Management journal},
  volume={18},
  number={4},
  pages={769--783},
  year={1975},
  publisher={Academy of Management}
}


@article{dickinson1989,
  title={The detrimental effects of extrinsic reinforcement on “intrinsic motivation”},
  author={Dickinson, Alyce M},
  journal={The Behavior Analyst},
  volume={12},
  number={1},
  pages={1--15},
  year={1989},
  publisher={Springer}
}


@incollection{ludvig2011,
  title={A primer on reinforcement learning in the brain: Psychological, computational, and neural perspectives},
  author={Ludvig, Elliot A and Bellemare, Marc G and Pearson, Keir G},
  booktitle={Computational neuroscience for advancing artificial intelligence: Models, methods and applications},
  pages={111--144},
  year={2011},
  publisher={IGI Global}
}



@book{thibaut1959,
  title={The social psychology of groups},
  author={J W Thibaut and H H Kelley},
  year={1959},
  publisher={Routledge}
}


@article{bandura2001,
  title={Social cognitive theory: An agentic perspective},
  author={Bandura, Albert},
  journal={Annual review of psychology},
  volume={52},
  number={1},
  pages={1--26},
  year={2001},
  publisher={Annual Reviews 4139 El Camino Way, PO Box 10139, Palo Alto, CA 94303-0139, USA}
}



@incollection{lewin1944,
  title={Level of Aspiration},
  author={Kurt Lewin and Tamara Dembo and Leon Festinger and Pauline Sears},
  editor={J Hunt},
  booktitle={Personality and the Behavior Disorders},
  publisher={Ronald Press},
  pages={333--378},
  year={1944}
}



@article{novemsky2005,
  title={Goal fulfillment and goal targets in sequential choice},
  author={Novemsky, Nathan and Dhar, Ravi},
  journal={Journal of Consumer Research},
  volume={32},
  number={3},
  pages={396--404},
  year={2005},
  publisher={The University of Chicago Press}
}


@article{thaler1990,
  title={Gambling with the house money and trying to break even: The effects of prior outcomes on risky choice},
  author={Thaler, Richard H and Johnson, Eric J},
  journal={Management science},
  volume={36},
  number={6},
  pages={643--660},
  year={1990},
  publisher={INFORMS}
}


@article{piening2013,
  title={The relationship between employees’ perceptions of human resource systems and organizational performance: Examining mediating mechanisms and temporal dynamics.},
  author={Piening, Erk P and Baluch, Alina M and Salge, Torsten Oliver},
  journal={Journal of Applied Psychology},
  volume={98},
  number={6},
  pages={926},
  year={2013},
  publisher={US: American Psychological Association}
}


@article{kraiger1993,
  title={Application of cognitive, skill-based, and affective theories of learning outcomes to new methods of training evaluation.},
  author={Kraiger, Kurt and Ford, J Kevin and Salas, Eduardo},
  journal={Journal of applied psychology},
  volume={78},
  number={2},
  pages={311},
  year={1993},
  publisher={US: American Psychological Association}
}



@article{taylor2014,
  title={Developing and testing a dynamic model of workplace incivility change},
  author={Taylor, Shannon G and Bedeian, Arthur G and Cole, Michael S and Zhang, Zhen},
  journal={Journal of Management},
  volume={43},
  number={3},
  pages={645--670},
  year={2014},
  publisher={Sage Publications Sage CA: Los Angeles, CA}
}



@article{vancouver2012,
  title={Modeling the mind and the milieu: Computational modeling for micro-level organizational researchers},
  author={Vancouver, Jeffrey B and Weinhardt, Justin M},
  journal={Organizational Research Methods},
  volume={15},
  number={4},
  pages={602--623},
  year={2012},
  publisher={Sage Publications Sage CA: Los Angeles, CA}
}




@article{shan2005,
  title={Does financial development ‘lead'economic growth? A vector auto-regression appraisal},
  author={Shan, Jordan},
  journal={Applied Economics},
  volume={37},
  number={12},
  pages={1353--1367},
  year={2005},
  publisher={Taylor \& Francis}
}


@article{denissen2011,
  title={Personality development across the life span},
  author={Denissen, Jaap JA and van Aken, Marcel AG and Roberts, Brent W},
  journal={The Wiley-Blackwell handbook of individual differences},
  pages={75--100},
  year={2011},
  publisher={Wiley Online Library}
}


@article{mathieu2015,
  title={Modeling reciprocal team cohesion--performance relationships, as impacted by shared leadership and members’ competence.},
  author={Mathieu, John E and Kukenberger, Michael R and D'innocenzo, Lauren and Reilly, Greg},
  journal={Journal of Applied Psychology},
  volume={100},
  number={3},
  pages={713},
  year={2015},
  publisher={American Psychological Association}
}



@article{deshon2009,
  title={Clarifying the notion of self-regulation in organizational behavior},
  author={DeShon, Richard P and Rench, Tara A},
  journal={International review of industrial and organizational psychology},
  volume={24},
  pages={217--248},
  year={2009},
  publisher={Wiley-Blackwell}
}



@article{tobin2010,
  title={Delay of gratification},
  author={Tobin, Ren{\'e}e M and Graziano, William G},
  journal={Handbook of personality and self-regulation},
  pages={47--63},
  year={2010},
  publisher={Wiley-Blackwell}
}



@book{kondrashov2016,
  title={Quantifying Life: A Symbiosis of Computation, Mathematics, and Biology},
  author={Kondrashov, Dmitry A},
  year={2016},
  publisher={University of Chicago Press}
}


@article{busemeyer2018,  title={Old and new directions in strategy selection},  author={Busemeyer, Jerome R},  journal={Journal of Behavioral Decision Making},  volume={31},  number={2},  pages={199--202},  year={2018},  publisher={Wiley Online Library}}




@article{baumeister2016,
  title={Pragmatic prospection: How and why people think about the future.},
  author={Baumeister, Roy F and Vohs, Kathleen D and Oettingen, Gabriele},
  journal={Review of General Psychology},
  volume={20},
  number={1},
  pages={3},
  year={2016},
  publisher={Educational Publishing Foundation}
}



@article{luce1999,
  title={Where is mathematical modeling in psychology headed?},
  author={Luce, R Duncan},
  journal={Theory \& Psychology},
  volume={9},
  number={6},
  pages={723--737},
  year={1999},
  publisher={Sage Publications Sage CA: Thousand Oaks, CA}
}



@article{grandey2015,
  title={Emotional labor at a crossroads: Where do we go from here?},
  author={Grandey, Alicia A and Gabriel, Allison S},
  year={2015},
  publisher={Annual Reviews}
}


@article{grandey2000,
  title={Emotional regulation in the workplace: A new way to conceptualize emotional labor.},
  author={Grandey, Alicia A},
  journal={Journal of occupational health psychology},
  volume={5},
  number={1},
  pages={95},
  year={2000},
  publisher={Educational Publishing Foundation}
}



@book{gigerenzer1999,
  title={Simple heuristics that make us smart},
  author={Gigerenzer, Gerd and Todd, Peter M and ABC Research Group, the},
  year={1999},
  publisher={Oxford University Press}
}


@article{tett2003,
  title={A personality trait-based interactionist model of job performance.},
  author={Tett, Robert P and Burnett, Dawn D},
  journal={Journal of Applied Psychology},
  volume={88},
  number={3},
  pages={500},
  year={2003},
  publisher={American Psychological Association}
}



@article{morgeson2015,  title={Event system theory: An event-oriented approach to the organizational sciences},  author={Morgeson, Frederick P and Mitchell, Terence R and Liu, Dong},  journal={Academy of Management Review},  volume={40},  number={4},  pages={515--537},  year={2015},  publisher={Academy of Management}}




@article{johnson2011,
  title={The evolution of overconfidence},
  author={Johnson, Dominic DP and Fowler, James H},
  journal={Nature},
  volume={477},
  number={7364},
  pages={317},
  year={2011},
  publisher={Nature Publishing Group}
}




@article{johns2010,
  title={Some Unintended Consequences of Job Design},
  author={Johns, Gary},
  journal={Journal of Organizational Behavior},
  volume={31},
  number={2},
  pages={361--369},
  year={2010},
  publisher={Wiley}
}





@article{hackman1976,
  title={Motivation through the design of work: Test of a theory},
  author={Hackman, J Richard and Oldham, Greg R},
  journal={Organizational behavior and human performance},
  volume={16},
  number={2},
  pages={250--279},
  year={1976},
  publisher={Elsevier}
}



@article{crowe1997,
  title={Regulatory focus and strategic inclinations: Promotion and prevention in decision-making},
  author={Crowe, Ellen and Higgins, E Tory},
  journal={Organizational behavior and human decision processes},
  volume={69},
  number={2},
  pages={117--132},
  year={1997},
  publisher={Elsevier}
}



@article{worthy2007,
  title={Regulatory fit effects in a choice task},
  author={Worthy, Darrell A and Maddox, W Todd and Markman, Arthur B},
  journal={Psychonomic Bulletin \& Review},
  volume={14},
  number={6},
  pages={1125--1132},
  year={2007},
  publisher={Springer}
}




@article{brydges2011,  title={Environmental enrichment induces optimistic cognitive bias in rats},  author={Brydges, Nichola M and Leach, Matthew and Nicol, Katie and Wright, Rebecca and Bateson, Melissa},  journal={Animal Behaviour},  volume={81},  number={1},  pages={169--175},  year={2011},  publisher={Elsevier}}

@article{salmeto2011,  title={Cognitive bias in the chick anxiety--depression model},  author={Salmeto, Amy L and Hymel, Kristen A and Carpenter, Erika C and Brilot, Ben O and Bateson, Melissa and Sufka, Kenneth J},  journal={Brain research},  volume={1373},  pages={124--130},  year={2011},  publisher={Elsevier}}



@article{matheson2008,  title={Larger, enriched cages are associated with ‘optimistic’response biases in captive European starlings (Sturnus vulgaris)},  author={Matheson, Stephanie M and Asher, Lucy and Bateson, Melissa},  journal={Applied Animal Behaviour Science},  volume={109},  number={2},  pages={374--383},  year={2008},  publisher={Elsevier}}




@article{douglas2012,  title={Environmental enrichment induces optimistic cognitive biases in pigs},  author={Douglas, Catherine and Bateson, Melissa and Walsh, Clare and B{\'e}du{\'e}, Ana{\"\i}s and Edwards, Sandra A},  journal={Applied Animal Behaviour Science},  volume={139},  number={1},  pages={65--73},  year={2012},  publisher={Elsevier}}




@article{duman2009,  title={Neuronal damage and protection in the pathophysiology and treatment of psychiatric illness: stress and depression},  author={Duman, Ronald S},  journal={Dialogues in clinical neuroscience},  volume={11},  number={3},  pages={239},  year={2009},  publisher={Les Laboratoires Servier}}






@article{johns2006,
  title={The essential impact of context on organizational behavior},
  author={Johns, Gary},
  journal={Academy of management review},
  volume={31},
  number={2},
  pages={386--408},
  year={2006},
  publisher={Academy of Management}
}



@article{cappelli1991,
  title={The missing role of context in OB: The need for a meso-level approach},
  author={Cappelli, Peter},
  journal={Organizational Behavior},
  volume={13},
  pages={55--110},
  year={1991}
}



@article{greeno1994,
  title={Gibson's affordances.},
  author={Greeno, James G},
  year={1994},
  publisher={American Psychological Association}
}



@article{simon1992,
  title={What is an “explanation” of behavior?},
  author={Simon, Herbert A},
  journal={Psychological science},
  volume={3},
  number={3},
  pages={150--161},
  year={1992},
  publisher={SAGE Publications Sage CA: Los Angeles, CA}
}






@article{yechiam2005,
  title={Comparison of basic assumptions embedded in learning models for experience-based decision making},
  author={Yechiam, Eldad and Busemeyer, Jerome R},
  journal={Psychonomic bulletin \& review},
  volume={12},
  number={3},
  pages={387--402},
  year={2005},
  publisher={Springer}
}



@article{guadagni1983,
  title={A logit model of brand choice calibrated on scanner data},
  author={Guadagni, Peter M and Little, John DC},
  journal={Marketing science},
  volume={2},
  number={3},
  pages={203--238},
  year={1983},
  publisher={INFORMS}
}



@book{miller2009,
  title={Complex adaptive systems: an introduction to computational models of social life},
  author={Miller, John H and Page, Scott E},
  year={2009},
  publisher={Princeton university press}
}



@book{stewart2012,
  title={In pursuit of the unknown: 17 equations that changed the world},
  author={Stewart, Ian},
  year={2012},
  publisher={Basic Books}
}






@article{kerr1975,
  title={On the folly of rewarding A, while hoping for B},
  author={Kerr, Steven},
  journal={Academy of Management journal},
  volume={18},
  number={4},
  pages={769--783},
  year={1975},
  publisher={Academy of Management}
}



@article{kanfer2016,
  title={Motivation in organizational behavior: History, advances and prospects},
  author={Kanfer, Ruth and Chen, Gilad},
  journal={Organizational Behavior and Human Decision Processes},
  volume={136},
  pages={6--19},
  year={2016},
  publisher={Elsevier}
}



@article{simon1956,
  title={Rational choice and the structure of the environment.},
  author={Simon, Herbert A},
  journal={Psychological review},
  volume={63},
  number={2},
  pages={129},
  year={1956},
  publisher={American Psychological Association}
}


@article{schmidt2007,
  title={What to do? The effects of discrepancies, incentives, and time on dynamic goal prioritization.},
  author={Schmidt, Aaron M and DeShon, Richard P},
  journal={Journal of Applied Psychology},
  volume={92},
  number={4},
  pages={928},
  year={2007},
  publisher={American Psychological Association}
}



@article{vancouver2010,
  title={A formal, computational theory of multiple-goal pursuit: Integrating goal-choice and goal-striving processes.},
  author={Vancouver, Jeffrey B and Weinhardt, Justin M and Schmidt, Aaron M},
  journal={Journal of Applied Psychology},
  volume={95},
  number={6},
  pages={985},
  year={2010},
  publisher={American Psychological Association}
}



@article{austin1996,
  title={Goal constructs in psychology: Structure, process, and content.},
  author={Austin, James T and Vancouver, Jeffrey B},
  journal={Psychological bulletin},
  volume={120},
  number={3},
  pages={338},
  year={1996},
  publisher={American Psychological Association}
}



@article{denrell2007,
  title={Interdependent sampling and social influence.},
  author={Denrell, Jerker and Le Mens, Ga{\"e}l},
  journal={Psychological review},
  volume={114},
  number={2},
  pages={398},
  year={2007},
  publisher={American Psychological Association}
}




@article{platt1964,
  title={Strong inference},
  author={Platt, John R},
  journal={science},
  volume={146},
  number={3642},
  pages={347--353},
  year={1964},
  publisher={JSTOR}
}




@article{johns2017,
author = {Gary Johns},
title = {Advances in the Treatment of Context in Organizational Research},
journal = {Annual Review of Organizational Psychology and Organizational Behavior},
volume = {5},
number = {1},
pages = {21-46},
year = {2018},
doi = {10.1146/annurev-orgpsych-032117-104406}
}





@article{gigerenzer2010,
  title={Personal reflections on theory and psychology},
  author={Gigerenzer, Gerd},
  journal={Theory \& Psychology},
  volume={20},
  number={6},
  pages={733--743},
  year={2010},
  publisher={Sage Publications Sage UK: London, England}
}


@article{gigerenzer1998,
  title={Surrogates for theories},
  author={Gigerenzer, Gerd},
  journal={Theory \& Psychology},
  volume={8},
  number={2},
  pages={195--204},
  year={1998},
  publisher={Sage Publications Sage CA: Thousand Oaks, CA}
}



@article{felin2015,
  title={The microfoundations movement in strategy and organization theory},
  author={Felin, Teppo and Foss, Nicolai J and Ployhart, Robert E},
  journal={The Academy of Management Annals},
  volume={9},
  number={1},
  pages={575--632},
  year={2015},
  publisher={Taylor \& Francis}
}


@article{porter2014,
  title={What was, what is, and what may be in OP/OB},
  author={Porter, Lyman W and Schneider, Benjamin},
  journal={Annu. Rev. Organ. Psychol. Organ. Behav.},
  volume={1},
  number={1},
  pages={1--21},
  year={2014},
  publisher={Annual Reviews}
}


@article{meehl1978,
  title={Theoretical risks and tabular asterisks: Sir Karl, Sir Ronald, and the slow progress of soft psychology.},
  author={Meehl, Paul E},
  journal={Journal of consulting and clinical Psychology},
  volume={46},
  number={4},
  pages={806},
  year={1978},
  publisher={American Psychological Association}
}


@article{meehl1967,
  title={Theory-testing in psychology and physics: A methodological paradox},
  author={Meehl, Paul E},
  journal={Philosophy of science},
  volume={34},
  number={2},
  pages={103--115},
  year={1967},
  publisher={Philosophy of Science Association}
}


@incollection{newell1973,
  title={You can't play 20 questions with nature and win},
  author={Newell, Allen},
booktitle={Visual Information Processing},
publisher={Academic Press},
editor={Chase, W G},
  year={1973}
}


@article{denrell2005,
  title={Why most people disapprove of me: experience sampling in impression formation.},
  author={Denrell, Jerker},
  journal={Psychological review},
  volume={112},
  number={4},
  pages={951},
  year={2005},
  publisher={American Psychological Association}
}


@article{busemeyer2002,
  title={Motivational underpinnings of utility in decision making},
  author={Busemeyer, Jerome R and Townsend, James T and Stout, Julie C},
  journal={Advances in consciousness research},
  volume={44},
  pages={197--220},
  year={2002},
  publisher={John Benjamins Publishing Company}
}


@article{luce1995,
  title={Four tensions concerning mathematical modeling in psychology},
  author={Luce, R Duncan},
  journal={Annual Review of Psychology},
  volume={46},
  number={1},
  pages={1--27},
  year={1995},
  publisher={Annual Reviews 4139 El Camino Way, PO Box 10139, Palo Alto, CA 94303-0139, USA}
}


@book{miner1980,
  title={Theories of organizational behavior},
  author={Miner, John B},
  year={1980},
  publisher={Dryden Press}
}


@article{van1996,
  title={Vroom's expectancy models and work-related criteria: A meta-analysis.},
  author={Van Eerde, Wendelien and Thierry, Henk},
  journal={Journal of applied psychology},
  volume={81},
  number={5},
  pages={575},
  year={1996},
  publisher={American Psychological Association}
}


@article{steel2006,
  title={Integrating theories of motivation},
  author={Steel, Piers and K{\"o}nig, Cornelius J},
  journal={Academy of management review},
  volume={31},
  number={4},
  pages={889--913},
  year={2006},
  publisher={Academy of Management}
}


@article{von1982,
  title={Costs and payoffs in perceptual research.},
  author={Von Winterfeldt, Detlof and Edwards, Ward},
  journal={Psychological Bulletin},
  volume={91},
  number={3},
  pages={609},
  year={1982},
  publisher={American Psychological Association}
}


@book{keeney1976,
  title={Decision analysis with multiple objectives: Preference and value tradeoffs},
  author={Keeney, Ralph L and Raiffa, Howard},
  publisher={Wiley\& Sons, New York},
  year={1976}
}


@article{Edwards2008,
  title={To prosper, organizational psychology should… overcome methodological barriers to progress},
  author={Edwards, Jeffrey R},
  journal={Journal of Organizational Behavior},
  volume={29},
  number={4},
  pages={469--491},
  year={2008},
  publisher={Wiley Online Library}
}

@article{Beal2015,
  title={ESM 2.0: State of the art and future potential of experience sampling methods in organizational research},
  author={Beal, Daniel J},
  journal={Annu. Rev. Organ. Psychol. Organ. Behav.},
  volume={2},
  number={1},
  pages={383--407},
  year={2015},
  publisher={Annual Reviews}
}


@article{Dobrow2013,
  title = {Dynamics of calling: A longitudinal study of musicians},
  volume = {34},
  issn = {1099-1379},
  url = {http://dx.doi.org/10.1002/job.1808},
  doi = {10.1002/job.1808},
  timestamp = {2015-09-08 13:07:22},
  number = {4},
  journaltitle = {Journal of Organizational Behavior},
  shortjournal = {Journal of Organizational Behavior},
  author = {Dobrow, Shoshana R.},
  date = {2013},
  pages = {431--452},
  keywords = {calling,careers,longitudinal study,meaning of work,multilevel analyses,musicians}
}

@article{Taylor2014,
  title = {Developing and Testing a Dynamic Model of Workplace Incivility Change},
  url = {http://jom.sagepub.com/content/early/2014/05/09/0149206314535432.abstract},
  doi = {10.1177/0149206314535432},
  journaltitle = {Journal of Management},
  shortjournal = {Journal of Management},
  author = {Taylor, Shannon G. and Bedeian, Arthur G. and Cole, Michael S. and Zhang, Zhen},
  date = {2014-05-27}
}
@Manual{R-base,
  title = {R: A Language and Environment for Statistical Computing},
  author = {{R Core Team}},
  organization = {R Foundation for Statistical Computing},
  address = {Vienna, Austria},
  year = {2017},
  url = {https://www.R-project.org/},
}
@Book{R-ggplot2,
  author = {Hadley Wickham},
  title = {ggplot2: Elegant Graphics for Data Analysis},
  publisher = {Springer-Verlag New York},
  year = {2009},
  isbn = {978-0-387-98140-6},
  url = {http://ggplot2.org},
}
@Manual{R-papaja,
  author = {Frederik Aust and Marius Barth},
  title = {{papaja}: {Create} {APA} manuscripts with {R Markdown}},
  year = {2017},
  note = {R package version 0.1.0.9492},
  url = {https://github.com/crsh/papaja},
}

@article{Chun2014,
  title = {Members needs, intragroup conflict, and group performance.},
  volume = {99},
  issn = {1939-1854(Electronic);0021-9010(Print)},
  doi = {10.1037/a0036363},
  number = {3},
  journaltitle = {Journal of Applied Psychology},
  shortjournal = {J. Appl. Psychol.},
  author = {Chun, Jinseok S. and Choi, Jin Nam},
  date = {2014},
  pages = {437--450}
}

@article{Ziliak1997,
  title = {Efficient Estimation With Panel Data When Instruments Are Predetermined: An Empirical Comparison of Moment-Condition Estimators},
  volume = {15},
  number = {4},
  journaltitle = {Journal of Business and Economic Statistics},
  shortjournal = {J. Bus. Econ. Stat.},
  author = {Ziliak, James P.},
  date = {1997-10-01},
  pages = {419-431},
  keywords = {Economics}
}

@article{Anderson1982,
  title = {Formulation and estimation of dynamic models using panel data},
  volume = {18},
  issn = {0304-4076},
  doi = {10.1016/0304-4076(82)90095-1},
  number = {1},
  journaltitle = {Journal of Econometrics},
  shortjournal = {Journal of Econometrics},
  author = {Anderson, T.W. and Hsiao, Cheng},
  date = {1982-01-01},
  pages = {47--82}
}

@article{Schonfeld2007,
  title = {Hierarchical Linear Modeling in Organizational Research: Longitudinal Data Outside the Context of Growth Modeling},
  volume = {10},
  url = {http://orm.sagepub.com/content/10/3/417.abstract},
  doi = {10.1177/1094428107300229},
  number = {3},
  journaltitle = {Organizational Research Methods},
  shortjournal = {Organizational Research Methods},
  author = {Schonfeld, Irvin Sam and Rindskopf, David},
  date = {2007-07-01},
  pages = {417--429}
}

@article{Shin2015,
  title = {Does Team Culture Matter? Roles of Team Culture and Collective Regulatory Focus in Team Task and Creative Performance},
  url = {http://gom.sagepub.com/content/early/2015/05/06/1059601115584998.abstract},
  doi = {10.1177/1059601115584998},
  journaltitle = {Group \& Organization Management},
  shortjournal = {Group \& Organization Management},
  author = {Shin, Yuhyung and Kim, Mihee and Choi, Jin Nam and Lee, Sang-Hoon},
  date = {2015-05-04}
}


@article{Judson1999,
  title = {Estimating dynamic panel data models: a guide for macroeconomists},
  volume = {65},
  issn = {0165-1765},
  url = {http://www.sciencedirect.com/science/article/pii/S0165176599001305},
  doi = {10.1016/S0165-1765(99)00130-5},
  number = {1},
  journaltitle = {Economics Letters},
  shortjournal = {Economics Letters},
  author = {Judson, Ruth A and Owen, Ann L},
  date = {1999-10},
  pages = {9--15},
  keywords = {Dynamic model,Panel data,Simulation}
}

@article{Park2015,
  title = {Only time will tell: The changing relationships between {LMX}, job performance, and justice.},
  volume = {100},
  issn = {1939-1854(Electronic);0021-9010(Print)},
  doi = {10.1037/a0038907},
  number = {3},
  journaltitle = {Journal of Applied Psychology},
  shortjournal = {J. Appl. Psychol.},
  author = {Park, Sanghee and Sturman, Michael C. and Vanderpool, Chelsea and Chan, Elisa},
  date = {2015},
  pages = {660--680}
}

@article{Clark2015,
  title = {Should I Use Fixed or Random Effects?},
  volume = {3},
  doi = {10.1017/psrm.2014.32},
  timestamp = {2015-09-09 17:43:23},
  number = {02},
  journaltitle = {Political Science Research and Methods},
  shortjournal = {Polit. Sci. Res. Methods},
  author = {Clark, Tom S. and Linzer, Drew A.},
  date = {2015},
  pages = {399--408}
}

@article{Marriott1954,
  title = {Bias in the estimation of autocorrelations},
  volume = {41},
  timestamp = {2015-09-08 18:45:31},
  journaltitle = {Biometrika},
  shortjournal = {Biometrika},
  author = {Marriott, F. H. C and Pope, J. A},
  date = {1954},
  pages = {390--402}
}



@incollection{Hurwicz1950,
  location = {New York},
  title = {Least squares bias in time series},
  timestamp = {2015-09-08 18:46:59},
  booktitle = {Statistical Inference in Dynamic Economic Models},
  publisher = {Wiley},
  author = {Hurwicz, Leonard},
  editor = {Koopmans, T. C},
  date = {1950}
}

@article{Lancaster2000,
  title = {The incidental parameter problem since 1948},
  volume = {95},
  issn = {0304-4076},
  url = {http://www.sciencedirect.com/science/article/pii/S0304407699000445},
  doi = {10.1016/S0304-4076(99)00044-5},
  number = {2},
  journaltitle = {Journal of Econometrics},
  shortjournal = {Journal of Econometrics},
  author = {Lancaster, Tony},
  date = {2000-04},
  pages = {391--413}
}


@book{Luenberger1979,
  location = {Hoboken, {NJ}},
  title = {Introduction to Dynamic Systems: Theory, Models, and Applications},
  timestamp = {2015-09-08 16:55:55},
  publisher = {John Wiley \& Sons},
  author = {Luenberger, David G.},
  date = {1979}
}

@article{Wansbeek1996,
  title = {On {IV}, {GMM} and {ML} in a dynamic panel data model},
  volume = {51},
  issn = {0165-1765},
  url = {http://www.sciencedirect.com/science/article/pii/0165176595007857},
  doi = {10.1016/0165-1765(95)00785-7},
  timestamp = {2015-09-08 22:52:07},
  number = {2},
  journaltitle = {Economics Letters},
  shortjournal = {Economics Letters},
  author = {Wansbeek, Tom and Bekker, Paul},
  date = {1996-05},
  pages = {145--152}
}


@article{Arellano1991,
  title = {Some Tests of Specification for Panel Data: Monte Carlo Evidence and an Application to Employment Equations},
  volume = {58},
  issn = {00346527},
  doi = {10.2307/2297968},
  eprint = {2297968},
  number = {2},
  journaltitle = {The Review of Economic Studies},
  shortjournal = {The Review of Economic Studies},
  author = {Arellano, Manuel and Bond, Stephen},
  date = {1991-04-01},
  pages = {277--297}
}

@book{Wooldridge2010,
  location = {Cambridge, {MA}},
  edition = {2},
  title = {Econometric Analysis of Cross Section and Panel Data},
  timestamp = {2015-09-08 19:49:00},
  publisher = {{MIT} Press},
  author = {Wooldridge, M, Jeffrey},
  date = {2010}
}


@book{Wooldridge2000,
  title = {Introductory Econometrics: A Modern Approach},
  publisher = {South-Western College Publishing},
  author = {Wooldridge, M, Jeffrey},
  date = {2000}
}



@article{Bollen2010,
  title = {A General Panel Model with Random and Fixed Effects: A Structural Equations Approach},
  volume = {89},
  number = {1},
  journaltitle = {Social Forces},
  shortjournal = {Soc. Forces},
  author = {Bollen, Kenneth A. and Brand, Jennie E.},
  date = {2010},
  pages = {1--34},
  langid = {english},
  keywords = {Economic models,Permits,Sociology,Software,Studies,Variables}
}

@book{Harvey1990,
  location = {Cambridge, MA},
  edition = {2},
  title = {The Econometric Analysis of Time Series},
  timestamp = {2015-09-08 16:56:57},
  publisher = {MIT Press},
  author = {Harvey, Andrew C.},
  date = {1990},
  note = {harvey1990}
}

@article{Smith2014,
  title = {Dynamic Decision Making: A Model of Senior Leaders Managing Strategic Paradoxes},
  volume = {57},
  url = {http://amj.aom.org/content/57/6/1592.abstract},
  doi = {10.5465/amj.2011.0932},
  number = {6},
  journaltitle = {Academy of Management Journal},
  shortjournal = {Academy of Management Journal},
  author = {Smith, Wendy K.},
  date = {2014-12-01},
  pages = {1592--1623}
}


@article{vonEye2012,
author = {Alexander {von Eye} and Richard P. DeShon},
title = {Directional dependence in developmental research},
journal = {International Journal of Behavioral Development},
volume = {36},
number = {4},
pages = {303-312},
year = {2012},
doi = {10.1177/0165025412439968},
URL = {https://doi.org/10.1177/0165025412439968},
eprint = {https://doi.org/10.1177/0165025412439968}
}

@book{McElreath2016,
  title={Statistical Rethinking: A Bayesian Course with Examples in R and Stan},
  author={McElreath, R.},
  isbn={9781482253467},
  series={Chapman \& Hall/CRC Texts in Statistical Science},
  year={2016},
  publisher={CRC Press}
}

@book{Bollen1989,
  title={Structural Equations with Latent Variables},
  author={Kenneth A. Bollen},
  isbn={9780471011712},
  lccn={lc88027272},
  series={Wiley series in probability and mathematical statistics. Applied probability and statistics section},
  year={1989},
  publisher={Wiley}
}


@Manual{R-base,
  title = {R: A Language and Environment for Statistical Computing},
  author = {{R Core Team}},
  organization = {R Foundation for Statistical Computing},
  address = {Vienna, Austria},
  year = {2017},
  url = {https://www.R-project.org/},
}

@Manual{R-papaja,
  author = {Frederik Aust and Marius Barth},
  title = {{papaja}: {Create} {APA} manuscripts with {R Markdown}},
  year = {2017},
  note = {R package version 0.1.0.9492},
  url = {https://github.com/crsh/papaja},
}

@Book{R-knitr,
  title = {Dynamic Documents with {R} and knitr},
  author = {Yihui Xie},
  publisher = {Chapman and Hall/CRC},
  address = {Boca Raton, Florida},
  year = {2015},
  edition = {2nd},
  note = {ISBN 978-1498716963},
  url = {https://yihui.name/knitr/},
}

@Book{R-ggplot2,
  author = {Hadley Wickham},
  title = {ggplot2: Elegant Graphics for Data Analysis},
  publisher = {Springer-Verlag New York},
  year = {2009},
  isbn = {978-0-387-98140-6},
  url = {http://ggplot2.org},
}

@article{Mathieu2006,
  title={Clarifying conditions and decision points for mediational type inferences in organizational behavior},
  author={John E Mathieu and Scott R Taylor},
  journal={Journal of Organizational Behavior},
  volume={27},
  number={8},
  pages={1031--1056},
  year={2006}
}

@article{Braun2013,
  title={Spurious relationships in growth curve modeling: The effects of stochastic trends on regression-based models},
  author={Braun, Michael T and Kuljanin, Goran and DeShon, Richard P},
  journal={Modern Research Methods for the Study of Behaviour in Organisations, New York: Routledge},
  pages={161--198},
  year={2013}
}


@article{Bergh1995,
  title={Problems with repeated measures analysis: Demonstration with a study of the diversification and performance relationship},
  author={Bergh, Donald D},
  journal={Academy of Management Journal},
  volume={38},
  number={6},
  pages={1692--1708},
  year={1995}
}

@incollection{DeShon2012,
  title={Multivariate dynamics in organizational science},
  author={Richard P DeShon},
  editor={Steve W J Kozlowski},
  booktitle={The Oxford handbook of organizational psychology},
  publisher={Oxford University Press},
  pages={117--142},
  year={2012}
}

@book{Cook1979,
  title={Quasi-experimentation: Design \& analysis issues for field settings},
  author={Cook, Thomas D and Campbell, Donald Thomas and Day, Arles},
  volume={351},
  year={1979},
  publisher={Houghton Mifflin Boston}
}


@book{Howson2006,
  title={Scientific reasoning: the Bayesian approach},
  author={Howson, Colin and Urbach, Peter},
  year={2006},
  publisher={Open Court Publishing}
}

@article{Freedman1999,
  title={From association to causation: some remarks on the history of statistics},
  author={Freedman, David A},
  journal={Journal de societe francaise de statistique, 140 (5)},
  pages={5--32},
  year={1999}
}

@article{Holland1988,
  title={Causal inference, path analysis and recursive structural equations models},
  author={Holland, Paul W},
  journal={ETS Research Report Series},
  volume={1988},
  number={1},
  year={1988}
}

@article{Shadish2002,
  title={Construct validity and external validity},
  author={Shadish, William R and Cook, Thomas D and Campbell, Donald T},
  journal={Experimental and quasi-experimental designs for generalized causal inference},
  pages={64--102},
  year={2002}
}

@article{Ployhart2010,
  title={Longitudinal research: The theory, design, and analysis of change},
  author={Ployhart, Robert E and Vandenberg, Robert J},
  journal={Journal of Management},
  volume={36},
  number={1},
  pages={94--120},
  year={2010}
}


@incollection{Ployhart2008,
  title={The measurement and analysis of motivation.},
  author={Ployhart, Robert E},
  editor={Ruth Kanfer and Gilad Chen and Richard D Pritchard},
  booktitle={Work motivation},
  pages={18-61},
  publisher={New York: Routledge},
  year={2008}
}

@article{George2000,
  title={The role of time in theory and theory building},
  author={George, Jennifer M and Jones, Gareth R},
  journal={Journal of management},
  volume={26},
  number={4},
  pages={657--684},
  year={2000}
}

@article{Mitchell2001,
  title={Building better theory: Time and the specification of when things happen},
  author={Mitchell, Terence R and James, Lawrence R},
  journal={Academy of Management Review},
  volume={26},
  number={4},
  pages={530--547},
  year={2001}
}

@article{Aguinis2014,
  title={Methodological wishes for the next decade and how to make wishes come true},
  author={Aguinis, Herman and Edwards, Jeffrey R},
  journal={Journal of Management Studies},
  volume={51},
  number={1},
  pages={143--174},
  year={2014}
}

@article{Vancouver2006,
  title={When self-efficacy negatively relates to motivation and performance in a learning context.},
  author={Vancouver, Jeffrey B and Kendall, Laura N},
  journal={Journal of Applied Psychology},
  volume={91},
  number={5},
  pages={1146--1153},
  year={2006}
}

@article{Molenaar2004,
  title={A manifesto on psychology as idiographic science: Bringing the person back into scientific psychology, this time forever},
  author={Molenaar, Peter},
  journal={Measurement},
  volume={2},
  number={4},
  pages={201--218},
  year={2004}
}

@article{Sonnentag2012,
  title={Dynamic performance},
  author={Sonnentag, Sabine and Frese, Michael},
  journal={The Oxford handbook of organizational psychology},
  volume={1},
  pages={548--575},
  year={2012}
}

@incollection{Dalal2008,
  title={Motivation for what? A multivariate dynamic perspective of the criterion},
  author={Dalal, Reeshad S and Hulin, Charles L},
  editor={Ruth Kanfer and Gilad Chen and Richard D Pritchard},
  booktitle={Work motivation: Past, present, and future}, 
  pages={63--100},
  year={2008},
  publisher={New York: Taylor}
}

@article{Neal2017,
  title={Dynamic Self-Regulation and Multiple-Goal Pursuit},
  author={Neal, Andrew and Ballard, Timothy and Vancouver, Jeffrey B},
  journal={Annual Review of Organizational Psychology and Organizational Behavior},
  volume={4},
  pages={401--423},
  year={2017}
}

@article{Kozlowski2006,
  title={Enhancing the effectiveness of work groups and teams},
  author={Kozlowski, Steve W J and Ilgen, Daniel R},
  journal={Psychological science in the public interest},
  volume={7},
  number={3},
  pages={77--124},
  year={2006}
}

@incollection{Kozlowski2000,
  title={A multilevel approach to theory and research in organizations: Contextual, temporal, and emergent processes.},
  author={Steve W J Kozlowski and Katherine J Klein},
  editor={Katherine J Klein and Steve W J Kozlowski},
  booktitle={Multilevel theory, research, and methods in organizations},
  publisher={San Francisco: Jossey-Bass},
  pages={3–90},
  year={2000}
}


@article{Mathieu2015,
author={John E Mathieu and Michael R Kukenberger and Lauren D’Innocenzo and Greg Reilly},
year={2015},
month={05},
title={Modeling reciprocal team cohesion performance relationships, as impacted by shared leadership and members’ competence},
journal={Journal of Applied Psychology},
volume={100},
number={3},
pages={713-734},
isbn={0021-9010, 0021-9010},
language={English}
}


@article{Chun2014,
  title={Members needs, intragroup conflict, and group performance.},
  author={Chun, Jinseok S and Choi, Jin Nam},
  journal={Journal of Applied Psychology},
  volume={99},
  number={3},
  pages={437},
  year={2014}
}

@article{Piening2013,
  title={The relationship between employees' perceptions of human resource systems and organizational performance: Examining mediating mechanisms and temporal dynamics.},
  author={Piening, Erk P and Baluch, Alina M and Salge, Torsten Oliver},
  journal={Journal of Applied Psychology},
  volume={98},
  number={6},
  pages={926},
  year={2013}
}

@article{Sonnentag2008,
  title={"Did you have a nice evening?" A day-level study on recovery experiences, sleep, and affect.},
  author={Sonnentag, Sabine and Binnewies, Carmen and Mojza, Eva J},
  journal={Journal of Applied Psychology},
  volume={93},
  number={3},
  pages={674},
  year={2008}
}

@article{Wang2010,
  title={Daily work--family conflict and alcohol use: Testing the cross-level moderation effects of peer drinking norms and social support.},
  author={Mo Wang and Songqi Liu and Yujie Zhan and Junqi Shi},
  journal={Journal of Applied Psychology},
  volume={95},
  number={2},
  pages={377},
  year={2010}
}

@book{Nef2016,
  title={The Self-Tracking},
  author={Neff, Gina and Nafus, Dawn},
  year={2016},
  publisher={MIT Press}
}



@article{Scandura2000,
  title={Research methodology in management: Current practices, trends, and implications for future research},
  author={Scandura, Terri A and William, Ethlyn A},
  journal={Academy of Management journal},
  volume={43},
  number={6},
  pages={1248--1264},
  year={2000}
}

@article{Aiken2008,
  title={Doctoral training in statistics, measurement, and methodology in psychology: replication and extension of Aiken, West, Sechrest, and Reno's (1990) survey of PhD programs in North America.},
  author={Aiken, Leona S and West, Stephen G and Millsap, Roger E},
  journal={American Psychologist},
  volume={63},
  number={1},
  pages={32},
  year={2008}
}

@article{Tett2013,
  title={The 2011 SIOP graduate program benchmarking survey part 3: Curriculum and competencies},
  author={Tett, RP and Walser, B and Brown, C and Simonet, DV and Tonidandel, S},
  journal={The Industrial Organizational Psychologist},
  volume={50},
  number={4},
  pages={69--89},
  year={2013}
}

@article{Kuljanin2011,
  title={A cautionary note on modeling growth trends in longitudinal data.},
  author={Kuljanin, Goran and Braun, Michael T and DeShon, Richard P},
  journal={Psychological methods},
  volume={16},
  number={3},
  pages={249},
  year={2011}
}

@article{Jebb2015,
  title={Time series analysis for psychological research: examining and forecasting change},
  author={Jebb, Andrew T and Tay, Louis and Wang, Wei and Huang, Qiming},
  journal={Frontiers in psychology},
  volume={6},
  number={727},
  year={2015}
}

@article{Pitariu2010,
  title={Explaining change: Theorizing and testing dynamic mediated longitudinal relationships},
  author={Pitariu, Adrian H and Ployhart, Robert E},
  journal={Journal of Management},
  volume={36},
  number={2},
  pages={405--429},
  year={2010}
}

@article{Bliese2002,
  title={Growth modeling using random coefficient models: Model building, testing, and illustrations},
  author={Bliese, Paul D and Ployhart, Robert E},
  journal={Organizational Research Methods},
  volume={5},
  number={4},
  pages={362--387},
  year={2002}
}

@article{Schonfeld2007,
  title={Hierarchical linear modeling in organizational research: Longitudinal data outside the context of growth modeling},
  author={Schonfeld, Irvin Sam and Rindskopf, David},
  journal={Organizational Research Methods},
  volume={10},
  number={3},
  pages={417--429},
  year={2007}
}



@article{Liu2012,
  title={Selecting a linear mixed model for longitudinal data: repeated measures analysis of variance, covariance pattern model, and growth curve approaches.},
  author={Liu, Siwei and Rovine, Michael J and Molenaar, Peter},
  journal={Psychological methods},
  volume={17},
  number={1},
  pages={15},
  year={2012}
}

@article{Wang2016,
author = {Mo Wang and Le Zhou and Zhen Zhang},
title = {Dynamic Modeling},
journal = {Annual Review of Organizational Psychology and Organizational Behavior},
volume = {3},
number = {1},
pages = {241-266},
year = {2016},
doi = {10.1146/annurev-orgpsych-041015-062553}
}

@article{Scott2011,
  title={A multilevel field investigation of emotional labor, affect, work withdrawal, and gender},
  author={Scott, Brent A and Barnes, Christopher M},
  journal={Academy of management journal},
  volume={54},
  number={1},
  pages={116--136},
  year={2011}
}

@article{Lanaj2014,
  title={Beginning the workday yet already depleted? Consequences of late-night smartphone use and sleep},
  author={Lanaj, Klodiana and Johnson, Russell E and Barnes, Christopher M},
  journal={Organizational Behavior and Human Decision Processes},
  volume={124},
  number={1},
  pages={11--23},
  year={2014}
}

@article{Lanaj2016,
  title={Benefits of transformational behaviors for leaders: A daily investigation of leader behaviors and need fulfillment},
  author={Lanaj, Klodiana and Johnson, Russell E and Lee, Stephanie M},
  journal={Journal of Applied Psychology},
  volume={101},
  number={2},
  pages={237},
  year={2016}
}

@article{Koopman2016,
  title={Integrating the bright and dark sides of OCB: A daily investigation of the benefits and costs of helping others},
  author={Koopman, Joel and Lanaj, Klodiana and Scott, Brent A},
  journal={Academy of Management Journal},
  volume={59},
  number={2},
  pages={414--435},
  year={2016}
}

@article{Rosen2016,
  title={Who strikes back? A daily investigation of when and why incivility begets incivility.},
  author={Rosen, Christopher C and Koopman, Joel and Gabriel, Allison S and Johnson, Russell E},
  year={2016},
  journal={Journal of Applied Psychology},
  volume={101},
  number={11},
  pages={1620–1634}
}



@article{Lanaj2016b,
  title={When lending a hand depletes the will: The daily costs and benefits of helping.},
  author={Lanaj, Klodiana and Johnson, Russell E and Wang, Mo},
  journal={Journal of Applied Psychology},
  volume={101},
  number={8},
  pages={1097},
  year={2016}
}

@article{Johnson2014,
  title={The good and bad of being fair: Effects of procedural and interpersonal justice behaviors on regulatory resources.},
  author={Johnson, Russell E and Lanaj, Klodiana and Barnes, Christopher M},
  journal={Journal of Applied Psychology},
  volume={99},
  number={4},
  pages={635},
  year={2014}
}

@article{Gabriel2017,
  title={Helping others or helping oneself? An episodic examination of the behavioral consequences of helping at work},
  author={Gabriel, Allison S and Koopman, Joel and Rosen, Christopher C and Johnson, Russell E},
  journal={Personnel Psychology},
  volume={101},
  number={3},
  pages={379--391},
  year={2017}
}

@article{Brannick1995,
  title={Critical comments on applying covariance structure modeling},
  author={Brannick, Michael T},
  journal={Journal of Organizational Behavior},
  volume={16},
  number={3},
  pages={201--213},
  year={1995}
}

@article{Williams1995,
  title={Covariance structure modeling in organizational research: Problems with the method versus applications of the method},
  author={Larry J Williams},
  journal={Journal of Organizational Behavior},
  volume={16},
  number={3},
  pages={225--233},
  year={1995}
}

@inproceedings{Dawid2010,
  title={Beware of the DAG!},
  author={Dawid, A Philip},
  booktitle={Causality: Objectives and Assessment},
  pages={59--86},
  year={2010}
}

@article{Binning1989,
  title={Validity of personnel decisions: A conceptual analysis of the inferential and evidential bases.},
  author={Binning, John F and Barrett, Gerald V},
  journal={Journal of Applied Psychology},
  volume={74},
  number={3},
  pages={478},
  year={1989}
}

@article{Pearl2009,
  title={Causal inference in statistics: An overview},
  author={Pearl, Judea},
  journal={Statistics surveys},
  volume={3},
  pages={96--146},
  year={2009}
}

@book{Kuhn1970,
  title={The Structure of Scientific Revolutions},
  author={Kuhn, Thomas S},
  year={1970},
  publisher={Chicago: University of Chicago Press}

}

@article{Freedman1991,
  title={Statistical models and shoe leather},
  author={Freedman, David A},
  journal={Sociological methodology},
  pages={291--313},
  year={1991}
}

@article{Dawid2016,
  title={From statistical evidence to evidence of causality},
  author={Dawid, A Philip and Musio, Monica and Fienberg, Stephen E},
  journal={Bayesian Analysis},
  volume={11},
  number={3},
  pages={725--752},
  year={2016}
}

@article{Simon1954,
  title={Spurious correlation: a causal interpretation},
  author={Simon, Herbert A},
  journal={Journal of the American statistical Association},
  volume={49},
  number={267},
  pages={467--479},
  year={1954}
}

@article{Williams1986,
  title={Antecedents and consequences of satisfaction and commitment in turnover models: A reanalysis using latent variable structural equation methods.},
  author={Larry J Williams and John T Hazer},
  journal={Journal of applied psychology},
  volume={71},
  number={2},
  pages={219},
  year={1986}
}

@article{Wainer2006,
  title={28 Three Statistical Paradoxes in the Interpretation of Group Differences: Illustrated with Medical School Admission and Licensing Data},
  author={Wainer, Howard and Brown, Lisa M},
  journal={Handbook of statistics},
  volume={26},
  pages={893--918},
  year={2006}
}

@article{Mcgrath1981,
  title={Dilemmatics: The study of research choices and dilemmas},
  author={McGrath, Joseph E},
  journal={American Behavioral Scientist},
  volume={25},
  number={2},
  pages={179--210},
  year={1981}
}

@article{Blalock1971,
  title={Causal models involving unmeasured variables in stimulus-response situations},
  author={Blalock, Hubert M},
  journal={Causal models in the social sciences},
  pages={335--347},
  year={1971}
}

@incollection{Pearl2012,
  title={The causal foundations of structural equation modeling},
  author={Pearl, Judea},
  editor={R H Hoyle},
  booktitle={Handbook of structural equation modeling},
  publisher={New York: Guilford Press},
  year={2012}
}

@article{Mathieu2008,
  title={Mediational inferences in organizational research: Then, now, and beyond},
  author={John E Mathieu and Richard P DeShon and Donald D Bergh},
  journal={Organizational Research Methods},
  volume={11},
  number={2},
  pages={203--223},
  year={2008}
}

@article{Anderson1992,
  title={Assumptions about unmeasured variables with studies of reciprocal relationships: The case of employee attitudes.},
  author={Anderson, Stella E and Larry J Williams},
  journal={Journal of Applied Psychology},
  volume={77},
  number={5},
  pages={638},
  year={1992}
}

@book{Wooldridge2010,
  title={Econometric analysis of cross section and panel data},
  author={Wooldridge, Jeffrey M},
  year={2010},
  publisher={MIT press}
}

@article{Barcikowski1981,
  title={Statistical power with group mean as the unit of analysis},
  author={Barcikowski, Robert S},
  journal={Journal of Educational Statistics},
  volume={6},
  number={3},
  pages={267--285},
  year={1981},
  publisher={Sage Publications Sage CA: Thousand Oaks, CA}
}

@article{Antonakis2010,
  title={On making causal claims: A review and recommendations},
  author={Antonakis, John and Bendahan, Samuel and Jacquart, Philippe and Lalive, Rafael},
  journal={The Leadership Quarterly},
  volume={21},
  number={6},
  pages={1086--1120},
  year={2010}
}

@article{Oboyle2011,
author={O'Boyle, Ernest H., Jr. and Larry J Williams},
year={2011},
month={01},
title={Decomposing model fit: Measurement vs. theory in organizational research using latent variables},
journal={Journal of Applied Psychology},
volume={96},
number={1},
pages={1-12}
}


@article{Grant2009,
  title={The neglected science and art of quasi-experimentation: Why-to, when-to, and how-to advice for organizational researchers},
  author={Grant, Adam M and Wall, Toby D},
  journal={Organizational Research Methods},
  volume={12},
  number={4},
  pages={653--686},
  year={2009}
}

@article{Beal2003,
  title={Methods of ecological momentary assessment in organizational research},
  author={Beal, Daniel J and Weiss, Howard M},
  journal={Organizational Research Methods},
  volume={6},
  number={4},
  pages={440--464},
  year={2003}
}

@article{Bergh1993,
  title={Watch the time carefully: The use and misuse of time effects in management research},
  author={Bergh, Donald D},
  journal={Journal of Management},
  volume={19},
  number={3},
  pages={683--705},
  year={1993}
}

@article{Engle1987,
  title={Co-integration and error correction: representation, estimation, and testing},
  author={Engle, Robert F and Granger, Clive WJ},
  journal={Econometrica: journal of the Econometric Society},
  pages={251--276},
  year={1987}
}

@article{Granger1974,
  title={Spurious regressions in econometrics},
  author={Granger, Clive WJ and Newbold, Paul},
  journal={Journal of econometrics},
  volume={2},
  number={2},
  pages={111--120},
  year={1974}
}

@article{vonEye2012,
  title={Directional dependence in developmental research},
  author={von Eye, Alexander and DeShon, Richard P},
  journal={International Journal of Behavioral Development},
  volume={36},
  number={4},
  pages={303--312},
  year={2012}
}

@article{Smaldino2016,
  title={The natural selection of bad science},
  author={Smaldino, Paul E and McElreath, Richard},
  journal={Royal Society open science},
  volume={3},
  number={9},
  pages={160384},
  year={2016}
}

@article{Wheeler1991,
  title={Self-recording of everyday life events: Origins, types, and uses},
  author={Wheeler, Ladd and Reis, Harry T},
  journal={Journal of personality},
  volume={59},
  number={3},
  pages={339--354},
  year={1991}
}

@article{Schonfeld2007,
  title={Hierarchical linear modeling in organizational research: Longitudinal data outside the context of growth modeling},
  author={Schonfeld, Irvin Sam and Rindskopf, David},
  journal={Organizational Research Methods},
  volume={10},
  number={3},
  pages={417--429},
  year={2007}
}

@book{Finch2014,
  title={Multilevel modeling using R},
  author={Finch, W Holmes and Bolin, Jocelyn E and Kelley, Ken},
  year={2014},
  publisher={Crc Press}
}

@Manual{R-base,
  title = {R: A Language and Environment for Statistical Computing},
  author = {{R Core Team}},
  organization = {R Foundation for Statistical Computing},
  address = {Vienna, Austria},
  year = {2017},
  url = {https://www.R-project.org/},
}

@Manual{R-bindrcpp,
  title = {bindrcpp: An 'Rcpp' Interface to Active Bindings},
  author = {Kirill Müller},
  year = {2017},
  note = {R package version 0.2},
  url = {https://CRAN.R-project.org/package=bindrcpp},
}

@Manual{R-dplyr,
  title = {dplyr: A Grammar of Data Manipulation},
  author = {Hadley Wickham and Romain Francois and Lionel Henry and Kirill Müller},
  year = {2017},
  note = {R package version 0.7.4},
  url = {https://CRAN.R-project.org/package=dplyr},
}

@Book{R-ggplot2,
  author = {Hadley Wickham},
  title = {ggplot2: Elegant Graphics for Data Analysis},
  publisher = {Springer-Verlag New York},
  year = {2009},
  isbn = {978-0-387-98140-6},
  url = {http://ggplot2.org},
}

@Article{R-lavaan,
  title = {{lavaan}: An {R} Package for Structural Equation Modeling},
  author = {Yves Rosseel},
  journal = {Journal of Statistical Software},
  year = {2012},
  volume = {48},
  number = {2},
  pages = {1--36},
  url = {http://www.jstatsoft.org/v48/i02/},
}

@Article{R-lubridate,
  title = {Dates and Times Made Easy with {lubridate}},
  author = {Garrett Grolemund and Hadley Wickham},
  journal = {Journal of Statistical Software},
  year = {2011},
  volume = {40},
  number = {3},
  pages = {1--25},
  url = {http://www.jstatsoft.org/v40/i03/},
}

@Manual{R-papaja,
  author = {Frederik Aust and Marius Barth},
  title = {{papaja}: {Create} {APA} manuscripts with {R Markdown}},
  year = {2017},
  note = {R package version 0.1.0.9492},
  url = {https://github.com/crsh/papaja},
}

@Manual{R-purrr,
  title = {purrr: Functional Programming Tools},
  author = {Lionel Henry and Hadley Wickham},
  year = {2017},
  note = {R package version 0.2.4},
  url = {https://CRAN.R-project.org/package=purrr},
}

@Manual{R-readr,
  title = {readr: Read Rectangular Text Data},
  author = {Hadley Wickham and Jim Hester and Romain Francois},
  year = {2017},
  note = {R package version 1.1.1},
  url = {https://CRAN.R-project.org/package=readr},
}

@Manual{R-stringr,
  title = {stringr: Simple, Consistent Wrappers for Common String Operations},
  author = {Hadley Wickham},
  year = {2017},
  note = {R package version 1.2.0},
  url = {https://CRAN.R-project.org/package=stringr},
}

@Manual{R-tibble,
  title = {tibble: Simple Data Frames},
  author = {Kirill Müller and Hadley Wickham},
  year = {2017},
  note = {R package version 1.3.4},
  url = {https://CRAN.R-project.org/package=tibble},
}

@Manual{R-tidyr,
  title = {tidyr: Easily Tidy Data with 'spread()' and 'gather()' Functions},
  author = {Hadley Wickham and Lionel Henry},
  year = {2017},
  note = {R package version 0.7.2},
  url = {https://CRAN.R-project.org/package=tidyr},
}

@Manual{R-tidyverse,
  title = {tidyverse: Easily Install and Load 'Tidyverse' Packages},
  author = {Hadley Wickham},
  year = {2017},
  note = {R package version 1.1.1},
  url = {https://CRAN.R-project.org/package=tidyverse},
}

@incollection{Miner2006,
  title={Multimethods in Industrial and Organizational Psychology: Expanding" Methods" to Include Longitudinal Designs.},
  author={Miner, Andrew G and Hulin, Charles L},
  editor={M Did and E Diener},
  booktitle={Handbook of multi method measurement in psychology},
  publisher={American Psychological Association},
  pages={429—439},
  year={2006}
}

@article{Wainer1991,
  title={Adjusting for differential base rates: Lord's paradox again.},
  author={Wainer, Howard},
  journal={Psychological bulletin},
  volume={109},
  number={1},
  pages={147},
  year={1991}
}

@article{Williams2003,
  title={Recent advances in causal modeling methods for organizational and management research},
  author={Larry J Williams and Jeffrey R Edwards and Robert J Vandenberg},
  journal={Journal of management},
  volume={29},
  number={6},
  pages={903--936},
  year={2003}
}

@article{Weinhardt2012,
  title={Computational models and organizational psychology: Opportunities abound},
  author={Weinhardt, Justin M and Vancouver, Jeffrey B},
  journal={Organizational Psychology Review},
  volume={2},
  number={4},
  pages={267--292},
  year={2012}
}

@book{Ilgen2000,
  title={Computational modeling of behavior in organizations: The third scientific discipline.},
  author={Ilgen, Daniel R and Hulin, Charles L},
  year={2000},
  publisher={American Psychological Association}
}

@book{Edwards2010,
  title={Organizational transformation for sustainability: An integral metatheory},
  author={Mark Edwards},
  year={2010},
  publisher={Routledge}
}

@article{Leavitt2010,
  title={Theory pruning: Strategies to reduce our dense theoretical landscape},
  author={Leavitt, Keith and Mitchell, Terence R and Peterson, Jeff},
  journal={Organizational Research Methods},
  volume={13},
  number={4},
  pages={644--667},
  year={2010}
}

@article{Cortina2017,
  title={Twilight of dawn or of evening? A century of research methods in the Journal of Applied Psychology.},
  author={Cortina, Jose M and Aguinis, Herman and DeShon, Richard P},
  journal={Journal of Applied Psychology},
  volume={102},
  number={3},
  pages={274},
  year={2017}
}

@article{Cucina2016,
  title={Pseudotheory proliferation is damaging the organizational sciences},
  author={Cucina, Jeffrey M and McDaniel, Michael A},
  journal={Journal of Organizational Behavior},
  volume={37},
  number={8},
  pages={1116--1125},
  year={2016}
}

@article{Cortina2016,
  title={Defining and operationalizing theory},
  author={Cortina, Jose M},
  journal={Journal of Organizational Behavior},
  volume={37},
  number={8},
  pages={1142--1149},
  year={2016}
}

@article{Hambrick2007,
  title={The field of management's devotion to theory: Too much of a good thing?},
  author={Hambrick, Donald C},
  journal={Academy of Management Journal},
  volume={50},
  number={6},
  pages={1346--1352},
  year={2007}
}

@article {Mathieu2016,
author = {Mathieu, John E},
title = {The problem with [in] management theory},
journal = {Journal of Organizational Behavior},
volume = {37},
number = {8},
issn = {1099-1379},
doi = {10.1002/job.2114},
pages = {1132--1141},
year = {2016}
}

@article{Cortina2017,
  title={Degrees of freedom in SEM: Are we testing the models that we claim to test?},
  author={Cortina, Jose M and Green, Jennifer P and Keeler, Kathleen R and Vandenberg, Robert J},
  journal={Organizational Research Methods},
  volume={20},
  number={3},
  pages={350--378},
  year={2017}
}

@book{Dubin1976,
  title={Theory building},
  author={Dubin, Robert},
  year={1976},
  publisher={New York: Free Press}
}

@article{Whetten1989,
  title={What constitutes a theoretical contribution?},
  author={Whetten, David A},
  journal={Academy of management review},
  volume={14},
  number={4},
  pages={490--495},
  year={1989}
}

@article{Mitchell2001,
  title={Building better theory: Time and the specification of when things happen},
  author={Mitchell, Terence R and James, Lawrence R},
  journal={Academy of Management Review},
  volume={26},
  number={4},
  pages={530--547},
  year={2001}
}

@article{Landy1987,
  title={Motivation theory reconsidered.},
  author={Landy, Frank J and Becker, Wendy S},
  journal={Research in organizational behavior},
  year={1987}
}

@article{Platt1964,
  title={Strong inference},
  author={Platt, John R},
  journal={science},
  volume={146},
  number={3642},
  pages={347--353},
  year={1964}
}

@article{Schmitt1978,
  title={Path analysis of multitrait-multimethod matrices},
  author={Schmitt, Neal},
  journal={Applied Psychological Measurement},
  volume={2},
  number={2},
  pages={157--173},
  year={1978}
}

@book{Deutsch2011,
  title={The beginning of infinity: Explanations that transform the world},
  author={Deutsch, David},
  year={2011},
  publisher={Penguin UK}
}

@incollection{Weiss1996,
  title={Affective events theory: A theoretical discussion of the structure, causes and consequences of affective experiences at work.},
  author={Weiss, Howard M and Cropanzano, Russell},
  editor={B M Staw and L L Cummings},
  booktitle={Research in organization behavior},
  year={1996},
  pages={1—74},
  publisher={JAI Press}
}

@article{Grandey2000,
  title={Emotional regulation in the workplace: A new way to conceptualize emotional labor.},
  author={Grandey, Alicia A},
  journal={Journal of occupational health psychology},
  volume={5},
  number={1},
  pages={95},
  year={2000}
}

@article{Baumeister2000,
  title={Ego depletion: A resource model of volition, self-regulation, and controlled processing},
  author={Baumeister, Roy F and Muraven, Mark and Tice, Dianne M},
  journal={Social cognition},
  volume={18},
  number={2},
  pages={130--150},
  year={2000}
}

@article{Einstein1911,
  title={Investigations on the Theory of the Brownian Movement},
  author={Einstein, Albert},
  journal={Annal. Physik},
  volume={34},
  pages={591--592},
  year={1911}
}

@article{Heisenberg1927,
  title={{\"U}ber den anschaulichen Inhalt der quantentheoretischen Kinematik und Mechanik [The ideological content of quantum theoretical kinematics and mechanics]},
  author={Heisenberg, Werner},
  booktitle={Original Scientific Papers Wissenschaftliche Originalarbeiten},
  pages={478--504},
  year={1927}
}

@article{Granger2004,
  title={Time series analysis, cointegration, and applications},
  author={Clive WJ Granger},
  journal={American Economic Review},
  pages={421--425},
  year={2004}
}

@article{Mook1983,
  title={In defense of external invalidity.},
  author={Mook, Douglas G},
  journal={American psychologist},
  volume={38},
  number={4},
  pages={379},
  year={1983}
}

@article{Cortina2011,
  title={The earth is not round (p=. 00)},
  author={Cortina, Jose M and Landis, Ronald S},
  journal={Organizational Research Methods},
  volume={14},
  number={2},
  pages={332--349},
  year={2011}
}

@article{Gigerenzer1998,
  title={Surrogates for theories},
  author={Gigerenzer, Gerd},
  journal={Theory \& Psychology},
  volume={8},
  number={2},
  pages={195--204},
  year={1998}
}

@article{Meehl1990,
  title={Why summaries of research on psychological theories are often uninterpretable},
  author={Meehl, Paul E},
  journal={Psychological reports},
  volume={66},
  number={1},
  pages={195--244},
  year={1990}
}

@article{Meehl1967,
  title={Theory-testing in psychology and physics: A methodological paradox},
  author={Meehl, Paul E},
  journal={Philosophy of science},
  volume={34},
  number={2},
  pages={103--115},
  year={1967}
}

@article{McGrath1981,
  title={Dilemmatics: The study of research choices and dilemmas},
  author={McGrath, Joseph E},
  journal={American Behavioral Scientist},
  volume={25},
  number={2},
  pages={179--210},
  year={1981}
}

@article{Schmitt1978,
  title={Path analysis of multitrait-multimethod matrices},
  author={Schmitt, Neal},
  journal={Applied Psychological Measurement},
  volume={2},
  number={2},
  pages={157--173},
  year={1978}
}


@article{Kirschbaum1993,
  title={Trier social stress test},
  author={Kirschbaum, Clemens},
  journal={Encyclopedia of psychopharmacology},
  pages={1755--1758},
  year={2015},
}




@article{lanaj2014,
  title={Beginning the workday yet already depleted? Consequences of late-night smartphone use and sleep},
  author={Lanaj, Klodiana and Johnson, Russell E and Barnes, Christopher M},
  journal={Organizational Behavior and Human Decision Processes},
  volume={124},
  number={1},
  pages={11--23},
  year={2014},
  publisher={Elsevier}
}


@article{rosen2016,
  title={Who strikes back? A daily investigation of when and why incivility begets incivility.},
  author={Rosen, Christopher C and Koopman, Joel and Gabriel, Allison S and Johnson, Russell E},
  journal={Journal of Applied Psychology},
  volume={101},
  number={11},
  pages={1620},
  year={2016},
  publisher={US: American Psychological Association}
}


@article{beal2015,
  title={ESM 2.0: State of the art and future potential of experience sampling methods in organizational research},
  author={Beal, Daniel J},
  journal={Annu. Rev. Organ. Psychol. Organ. Behav.},
  volume={2},
  number={1},
  pages={383--407},
  year={2015},
  publisher={Annual Reviews}
}


@article{alliger1993,
  title={Using signal-contingent experience sampling methodology to study work in the field: A discussion and illustration examining task perceptions and mood},
  author={Alliger, George M and Williams, Kevin J},
  journal={Personnel Psychology},
  volume={46},
  number={3},
  pages={525--549},
  year={1993},
  publisher={Wiley Online Library}
}


@article{shiffman2008,
  title={Ecological momentary assessment},
  author={Shiffman, Saul and Stone, Arthur A and Hufford, Michael R},
  journal={Annu. Rev. Clin. Psychol.},
  volume={4},
  pages={1--32},
  year={2008},
  publisher={Annual Reviews}
}


@article{iida2012,
  title={Using diary methods in psychological research.},
  author={Iida, Masumi and Shrout, Patrick E and Laurenceau, Jean-Philippe and Bolger, Niall},
  year={2012},
  publisher={American Psychological Association}
}


@article{maxwell2007,
  title={Bias in cross-sectional analyses of longitudinal mediation.},
  author={Maxwell, Scott E and Cole, David A},
  journal={Psychological methods},
  volume={12},
  number={1},
  pages={23},
  year={2007},
  publisher={American Psychological Association}
}




@incollection{dalal2008,
  title={Motivation for what? A multivariate dynamic perspective of the criterion},
  author={Dalal, Reeshad S and Hulin, Charles L},
  editor = {R Kanfer, G Chen, and RD Pritchard},
  booktitle = {Work motivation: Past, present, and future},
  journal={Work motivation: Past, present, and future},
  pages={63--100},
  year={2008},
  publisher={Routledge New York}
}

@article{sonnentag2012,
  title={Dynamic performance},
  author={Sonnentag, Sabine and Frese, Michael},
  journal={The Oxford handbook of organizational psychology},
  volume={1},
  pages={548--575},
  year={2012}
}

@article{grandey2015,
  title={Emotional Labor at a Crossroads: Where Do We Go from Here?},
  author={Alicia A. Grandey, and Allison S. Gabriel},
  journal={Annual Review of Organizational Psychology and Organizational Behavior},
  volume={2},
  pages={323–349},
  year={2015}
}


@article{diefendorff2003,
  title={Understanding the emotional labor process: A control theory perspective},
  author={Diefendorff, James M and Gosserand, Robin H},
  journal={Journal of Organizational Behavior},
  volume={24},
  number={8},
  pages={945--959},
  year={2003},
  publisher={Wiley Online Library}
}


@article{chun2014,
  title={Members needs, intragroup conflict, and group performance.},
  author={Chun, Jinseok S and Choi, Jin Nam},
  journal={Journal of Applied Psychology},
  volume={99},
  number={3},
  pages={437},
  year={2014}
}


@article{piening2013,
  title={The relationship between employees' perceptions of human resource systems and organizational performance: Examining mediating mechanisms and temporal dynamics.},
  author={Piening, Erk P and Baluch, Alina M and Salge, Torsten Oliver},
  journal={Journal of Applied Psychology},
  volume={98},
  number={6},
  pages={926},
  year={2013}
}


@incollection{canova2013,
  title={Panel Vector Autoregressive Models: A Survey☆ The views expressed in this article are those of the authors and do not necessarily reflect those of the ECB or the Eurosystem.},
  author={Canova, Fabio and Ciccarelli, Matteo},
  booktitle={VAR Models in Macroeconomics--New Developments and Applications: Essays in Honor of Christopher A. Sims},
  pages={205--246},
  year={2013},
  publisher={Emerald Group Publishing Limited}
}



@article{park2015,
  title = {Only time will tell: The changing relationships between {LMX}, job performance, and justice.},
  volume = {100},
  issn = {1939-1854(Electronic);0021-9010(Print)},
  doi = {10.1037/a0038907},
  number = {3},
  journaltitle = {Journal of Applied Psychology},
  shortjournal = {J. Appl. Psychol.},
  author = {Park, Sanghee and Sturman, Michael C. and Vanderpool, Chelsea and Chan, Elisa},
  date = {2015},
  pages = {660--680}
}


@article{drescher2014,
  title={The dynamics of shared leadership: Building trust and enhancing performance.},
  author={Drescher, Marcus A and Korsgaard, M Audrey and Welpe, Isabell M and Picot, Arnold and Wigand, Rolf T},
  journal={Journal of Applied Psychology},
  volume={99},
  number={5},
  pages={771},
  year={2014},
  publisher={American Psychological Association}
}

@article{sun2013,
  title={Dynamics of the job search process: Developing and testing a mediated moderation model.},
  author={Sun, Shuhua and Song, Zhaoli and Lim, Vivien KG},
  journal={Journal of Applied Psychology},
  volume={98},
  number={5},
  pages={771},
  year={2013},
  publisher={American Psychological Association}
}



@article{bollen2010,
  title={A general panel model with random and fixed effects: A structural equations approach},
  author={Bollen, Kenneth A and Brand, Jennie E},
  journal={Social Forces},
  volume={89},
  number={1},
  pages={1--34},
  year={2010},
  publisher={The University of North Carolina Press}
}


@article{wang2016,
author = {Mo Wang and Le Zhou and Zhen Zhang},
title = {Dynamic Modeling},
journal = {Annual Review of Organizational Psychology and Organizational Behavior},
volume = {3},
number = {1},
pages = {241-266},
year = {2016},
doi = {10.1146/annurev-orgpsych-041015-062553}
}


@incollection{deShon2012,
  title={Multivariate dynamics in organizational science},
  author={Richard P DeShon},
  editor={Steve W J Kozlowski},
  booktitle={The Oxford handbook of organizational psychology},
  publisher={Oxford University Press},
  pages={117--142},
  year={2012}
}


@article{boulding1955,
  title={In defense of statics},
  author={Boulding, Kenneth E},
  journal={The Quarterly Journal of Economics},
  volume={69},
  number={4},
  pages={485--502},
  year={1955},
  publisher={MIT Press}
}

@incollection{pearl2012,
  title={The causal foundations of structural equation modeling},
  author={Pearl, Judea},
  editor={R H Hoyle},
  booktitle={Handbook of structural equation modeling},
  publisher={New York: Guilford Press},
  year={2012}
}


@book{mcelreath2016,
  title={Statistical Rethinking: A Bayesian Course with Examples in R and Stan},
  author={McElreath, R.},
  isbn={9781482253467},
  series={Chapman \& Hall/CRC Texts in Statistical Science},
  year={2016},
  publisher={CRC Press}
}

@book{harvey1989,
  title={Forecasting, structural time series models, and the kalman filter},
  author={Harvey, A. C.},
  year={1989},
  publisher={Cambridge, UK: Cambridge University Press}
}

@article{nickell1981,
  title={Biases in dynamic models with fixed effects},
  author={Nickell, Stephen},
  journal={Econometrica: Journal of the Econometric Society},
  pages={1417--1426},
  year={1981},
  publisher={JSTOR}
}


@article{marriott1954,
  title={Bias in the estimation of autocorrelations},
  author={Marriott, FHC and Pope, JA},
  journal={Biometrika},
  volume={41},
  number={3/4},
  pages={390--402},
  year={1954},
  publisher={JSTOR}
}


@book{wooldridge2010,
  title={Econometric analysis of cross section and panel data},
  author={Wooldridge, Jeffrey M},
  year={2010},
  publisher={MIT press}
}


@article{mundlak1978,
  title={On the pooling of time series and cross section data},
  author={Mundlak, Yair},
  journal={Econometrica: journal of the Econometric Society},
  pages={69--85},
  year={1978},
  publisher={JSTOR}
}


@article{anderson1982,
  title={Formulation and estimation of dynamic models using panel data},
  author={Anderson, Theodore Wilbur and Hsiao, Cheng},
  journal={Journal of econometrics},
  volume={18},
  number={1},
  pages={47--82},
  year={1982},
  publisher={Elsevier}
}



@article{clark2015,
  title={Should I use fixed or random effects?},
  author={Clark, Tom S and Linzer, Drew A},
  journal={Political Science Research and Methods},
  volume={3},
  number={2},
  pages={399--408},
  year={2015},
  publisher={Cambridge University Press}
}

@article{kiviet1995,
  title={On bias, inconsistency, and efficiency of various estimators in dynamic panel data models},
  author={Kiviet, Jan F},
  journal={Journal of econometrics},
  volume={68},
  number={1},
  pages={53--78},
  year={1995},
  publisher={Elsevier}
}

@article{kuljanin2011,
  title={A cautionary note on modeling growth trends in longitudinal data.},
  author={Kuljanin, Goran and Braun, Michael T and DeShon, Richard P},
  journal={Psychological methods},
  volume={16},
  number={3},
  pages={249},
  year={2011},
  publisher={American Psychological Association}
}


@article{braun2013,
  title={Spurious results in the analysis of longitudinal data in organizational research},
  author={Braun, Michael T and Kuljanin, Goran and DeShon, Richard P},
  journal={Organizational Research Methods},
  volume={16},
  number={2},
  pages={302--330},
  year={2013},
  publisher={Sage Publications Sage CA: Los Angeles, CA}
}


@article{dickey1979,
  title={Distribution of the estimators for autoregressive time series with a unit root},
  author={Dickey, David A and Fuller, Wayne A},
  journal={Journal of the American statistical association},
  volume={74},
  number={366a},
  pages={427--431},
  year={1979},
  publisher={Taylor \& Francis}
}



@article{jebb2017,
  title={Introduction to Time Series Analysis for Organizational Research: Methods for Longitudinal Analyses},
  author={Jebb, Andrew T and Tay, Louis},
  journal={Organizational Research Methods},
  volume={20},
  number={1},
  pages={61--94},
  year={2017},
  publisher={SAGE Publications Sage CA: Los Angeles, CA}
}


@article{granger1974,
  title={Spurious regressions in econometrics},
  author={Granger, Clive WJ and Newbold, Paul},
  journal={Journal of econometrics},
  volume={2},
  number={2},
  pages={111--120},
  year={1974},
  publisher={Elsevier}
}


@article{granger1986,
  title={Developments in the study of cointegrated economic variables},
  author={Granger, Clive WJ},
  journal={Oxford Bulletin of economics and statistics},
  volume={48},
  number={3},
  pages={213--228},
  year={1986},
  publisher={Wiley Online Library}
}


@article{kao1999,
  title={Spurious regression and residual-based tests for cointegration in panel data},
  author={Kao, Chihwa},
  journal={Journal of econometrics},
  volume={90},
  number={1},
  pages={1--44},
  year={1999},
  publisher={Elsevier}
}

@article{granger1980,
  title={Testing for causality: a personal viewpoint},
  author={Granger, Clive WJ},
  journal={Journal of Economic Dynamics and control},
  volume={2},
  pages={329--352},
  year={1980},
  publisher={Elsevier}
}



@article{freedman1991,
  title={Statistical models and shoe leather},
  author={Freedman, David A},
  journal={Sociological methodology},
  pages={291--313},
  year={1991},
  publisher={JSTOR}
}


@article{gigerenzer2015,
  title={Surrogate science: The idol of a universal method for scientific inference},
  author={Gigerenzer, Gerd and Marewski, Julian N},
  journal={Journal of Management},
  volume={41},
  number={2},
  pages={421--440},
  year={2015},
  publisher={Sage Publications Sage CA: Los Angeles, CA}
}

@article{keele2005,
  title={Dynamic models for dynamic theories: The ins and outs of lagged dependent variables},
  author={Keele, Luke and Kelly, Nathan J},
  journal={Political analysis},
  volume={14},
  number={2},
  pages={186--205},
  year={2005},
  publisher={Oxford University Press}
}




@article{jones2016,
  title={The baby bump: Managing a dynamic stigma over time},
  author={Jones, Kristen P and King, Eden B and Gilrane, Veronica L and McCausland, Tracy C and Cortina, Jose M and Grimm, Kevin J},
  journal={Journal of Management},
  volume={42},
  number={6},
  pages={1530--1556},
  year={2016},
  publisher={Sage Publications Sage CA: Los Angeles, CA}
}


@article{matthews2014,
  title={A work--family conflict/subjective well-being process model: A test of competing theories of longitudinal effects.},
  author={Matthews, Russell A and Wayne, Julie Holliday and Ford, Michael T},
  journal={Journal of Applied Psychology},
  volume={99},
  number={6},
  pages={1173},
  year={2014},
  publisher={American Psychological Association}
}



@article{zablah2016,
  title={A cross-lagged test of the association between customer satisfaction and employee job satisfaction in a relational context.},
  author={Zablah, Alex R and Carlson, Brad D and Donavan, D Todd and Maxham III, James G and Brown, Tom J},
  journal={Journal of Applied Psychology},
  volume={101},
  number={5},
  pages={743},
  year={2016},
  publisher={American Psychological Association}
}


@article{meier2013,
  title={Reciprocal effects of work stressors and counterproductive work behavior: A five-wave longitudinal study.},
  author={Meier, Laurenz L and Spector, Paul E},
  journal={Journal of Applied Psychology},
  volume={98},
  number={3},
  pages={529},
  year={2013},
  publisher={American Psychological Association}
}


@book{luenberger1979,
  title={Introduction to dynamic systems: theory, models, and applications},
  author={Luenberger, David G},
  volume={1},
  year={1979},
  publisher={Wiley New York}
}



@book{miller2009,
  title={Complex adaptive systems: an introduction to computational models of social life: an introduction to computational models of social life},
  author={Miller, John H and Page, Scott E},
  year={2009},
  publisher={Princeton university press}
}


@article{vancouver2012,
  title={Modeling the mind and the milieu: Computational modeling for micro-level organizational researchers},
  author={Vancouver, Jeffrey B and Weinhardt, Justin M},
  journal={Organizational Research Methods},
  volume={15},
  number={4},
  pages={602--623},
  year={2012},
  publisher={Sage Publications Sage CA: Los Angeles, CA}
}



@article{gabriel2014,
  title={The dynamic relationships of work affect and job satisfaction with perceptions of fit},
  author={Gabriel, Allison S and Diefendorff, James M and Chandler, Megan M and Moran, Christina M and Greguras, Gary J},
  journal={Personnel Psychology},
  volume={67},
  number={2},
  pages={389--420},
  year={2014},
  publisher={Wiley Online Library}
}


@article{piening2013,
  title={The relationship between employees’ perceptions of human resource systems and organizational performance: Examining mediating mechanisms and temporal dynamics.},
  author={Piening, Erk P and Baluch, Alina M and Salge, Torsten Oliver},
  journal={Journal of Applied Psychology},
  volume={98},
  number={6},
  pages={926},
  year={2013},
  publisher={US: American Psychological Association}
}



@article{lanaj2014,
  title={Beginning the workday yet already depleted? Consequences of late-night smartphone use and sleep},
  author={Lanaj, Klodiana and Johnson, Russell E and Barnes, Christopher M},
  journal={Organizational Behavior and Human Decision Processes},
  volume={124},
  number={1},
  pages={11--23},
  year={2014},
  publisher={Elsevier}
}



@article{johnson2014,
  title={The good and bad of being fair: Effects of procedural and interpersonal justice behaviors on regulatory resources.},
  author={Johnson, Russell E and Lanaj, Klodiana and Barnes, Christopher M},
  journal={Journal of Applied Psychology},
  volume={99},
  number={4},
  pages={635},
  year={2014},
  publisher={American Psychological Association}
}



@article{lancaster2000,
  title={The incidental parameter problem since 1948},
  author={Lancaster, Tony},
  journal={Journal of econometrics},
  volume={95},
  number={2},
  pages={391--413},
  year={2000},
  publisher={Elsevier}
}



@article{Edwards2008,
  title={To prosper, organizational psychology should… overcome methodological barriers to progress},
  author={Edwards, Jeffrey R},
  journal={Journal of Organizational Behavior},
  volume={29},
  number={4},
  pages={469--491},
  year={2008},
  publisher={Wiley Online Library}
}

@article{Beal2015,
  title={ESM 2.0: State of the art and future potential of experience sampling methods in organizational research},
  author={Beal, Daniel J},
  journal={Annu. Rev. Organ. Psychol. Organ. Behav.},
  volume={2},
  number={1},
  pages={383--407},
  year={2015},
  publisher={Annual Reviews}
}


@article{Dobrow2013,
  title = {Dynamics of calling: A longitudinal study of musicians},
  volume = {34},
  issn = {1099-1379},
  url = {http://dx.doi.org/10.1002/job.1808},
  doi = {10.1002/job.1808},
  timestamp = {2015-09-08 13:07:22},
  number = {4},
  journaltitle = {Journal of Organizational Behavior},
  shortjournal = {Journal of Organizational Behavior},
  author = {Dobrow, Shoshana R.},
  date = {2013},
  pages = {431--452},
  keywords = {calling,careers,longitudinal study,meaning of work,multilevel analyses,musicians}
}

@article{Taylor2014,
  title = {Developing and Testing a Dynamic Model of Workplace Incivility Change},
  url = {http://jom.sagepub.com/content/early/2014/05/09/0149206314535432.abstract},
  doi = {10.1177/0149206314535432},
  journaltitle = {Journal of Management},
  shortjournal = {Journal of Management},
  author = {Taylor, Shannon G. and Bedeian, Arthur G. and Cole, Michael S. and Zhang, Zhen},
  date = {2014-05-27}
}
@Manual{R-base,
  title = {R: A Language and Environment for Statistical Computing},
  author = {{R Core Team}},
  organization = {R Foundation for Statistical Computing},
  address = {Vienna, Austria},
  year = {2017},
  url = {https://www.R-project.org/},
}
@Book{R-ggplot2,
  author = {Hadley Wickham},
  title = {ggplot2: Elegant Graphics for Data Analysis},
  publisher = {Springer-Verlag New York},
  year = {2009},
  isbn = {978-0-387-98140-6},
  url = {http://ggplot2.org},
}
@Manual{R-papaja,
  author = {Frederik Aust and Marius Barth},
  title = {{papaja}: {Create} {APA} manuscripts with {R Markdown}},
  year = {2017},
  note = {R package version 0.1.0.9492},
  url = {https://github.com/crsh/papaja},
}

@article{Chun2014,
  title = {Members needs, intragroup conflict, and group performance.},
  volume = {99},
  issn = {1939-1854(Electronic);0021-9010(Print)},
  doi = {10.1037/a0036363},
  number = {3},
  journaltitle = {Journal of Applied Psychology},
  shortjournal = {J. Appl. Psychol.},
  author = {Chun, Jinseok S. and Choi, Jin Nam},
  date = {2014},
  pages = {437--450}
}

@article{Ziliak1997,
  title = {Efficient Estimation With Panel Data When Instruments Are Predetermined: An Empirical Comparison of Moment-Condition Estimators},
  volume = {15},
  number = {4},
  journaltitle = {Journal of Business and Economic Statistics},
  shortjournal = {J. Bus. Econ. Stat.},
  author = {Ziliak, James P.},
  date = {1997-10-01},
  pages = {419-431},
  keywords = {Economics}
}

@article{Anderson1982,
  title = {Formulation and estimation of dynamic models using panel data},
  volume = {18},
  issn = {0304-4076},
  doi = {10.1016/0304-4076(82)90095-1},
  number = {1},
  journaltitle = {Journal of Econometrics},
  shortjournal = {Journal of Econometrics},
  author = {Anderson, T.W. and Hsiao, Cheng},
  date = {1982-01-01},
  pages = {47--82}
}

@article{Schonfeld2007,
  title = {Hierarchical Linear Modeling in Organizational Research: Longitudinal Data Outside the Context of Growth Modeling},
  volume = {10},
  url = {http://orm.sagepub.com/content/10/3/417.abstract},
  doi = {10.1177/1094428107300229},
  number = {3},
  journaltitle = {Organizational Research Methods},
  shortjournal = {Organizational Research Methods},
  author = {Schonfeld, Irvin Sam and Rindskopf, David},
  date = {2007-07-01},
  pages = {417--429}
}

@article{Shin2015,
  title = {Does Team Culture Matter? Roles of Team Culture and Collective Regulatory Focus in Team Task and Creative Performance},
  url = {http://gom.sagepub.com/content/early/2015/05/06/1059601115584998.abstract},
  doi = {10.1177/1059601115584998},
  journaltitle = {Group \& Organization Management},
  shortjournal = {Group \& Organization Management},
  author = {Shin, Yuhyung and Kim, Mihee and Choi, Jin Nam and Lee, Sang-Hoon},
  date = {2015-05-04}
}


@article{Judson1999,
  title = {Estimating dynamic panel data models: a guide for macroeconomists},
  volume = {65},
  issn = {0165-1765},
  url = {http://www.sciencedirect.com/science/article/pii/S0165176599001305},
  doi = {10.1016/S0165-1765(99)00130-5},
  number = {1},
  journaltitle = {Economics Letters},
  shortjournal = {Economics Letters},
  author = {Judson, Ruth A and Owen, Ann L},
  date = {1999-10},
  pages = {9--15},
  keywords = {Dynamic model,Panel data,Simulation}
}

@article{Park2015,
  title = {Only time will tell: The changing relationships between {LMX}, job performance, and justice.},
  volume = {100},
  issn = {1939-1854(Electronic);0021-9010(Print)},
  doi = {10.1037/a0038907},
  number = {3},
  journaltitle = {Journal of Applied Psychology},
  shortjournal = {J. Appl. Psychol.},
  author = {Park, Sanghee and Sturman, Michael C. and Vanderpool, Chelsea and Chan, Elisa},
  date = {2015},
  pages = {660--680}
}

@article{Clark2015,
  title = {Should I Use Fixed or Random Effects?},
  volume = {3},
  doi = {10.1017/psrm.2014.32},
  timestamp = {2015-09-09 17:43:23},
  number = {02},
  journaltitle = {Political Science Research and Methods},
  shortjournal = {Polit. Sci. Res. Methods},
  author = {Clark, Tom S. and Linzer, Drew A.},
  date = {2015},
  pages = {399--408}
}

@article{Marriott1954,
  title = {Bias in the estimation of autocorrelations},
  volume = {41},
  timestamp = {2015-09-08 18:45:31},
  journaltitle = {Biometrika},
  shortjournal = {Biometrika},
  author = {Marriott, F. H. C and Pope, J. A},
  date = {1954},
  pages = {390--402}
}



@incollection{Hurwicz1950,
  location = {New York},
  title = {Least squares bias in time series},
  timestamp = {2015-09-08 18:46:59},
  booktitle = {Statistical Inference in Dynamic Economic Models},
  publisher = {Wiley},
  author = {Hurwicz, Leonard},
  editor = {Koopmans, T. C},
  date = {1950}
}

@article{Lancaster2000,
  title = {The incidental parameter problem since 1948},
  volume = {95},
  issn = {0304-4076},
  url = {http://www.sciencedirect.com/science/article/pii/S0304407699000445},
  doi = {10.1016/S0304-4076(99)00044-5},
  number = {2},
  journaltitle = {Journal of Econometrics},
  shortjournal = {Journal of Econometrics},
  author = {Lancaster, Tony},
  date = {2000-04},
  pages = {391--413}
}


@book{Luenberger1979,
  location = {Hoboken, {NJ}},
  title = {Introduction to Dynamic Systems: Theory, Models, and Applications},
  timestamp = {2015-09-08 16:55:55},
  publisher = {John Wiley \& Sons},
  author = {Luenberger, David G.},
  date = {1979}
}

@article{Wansbeek1996,
  title = {On {IV}, {GMM} and {ML} in a dynamic panel data model},
  volume = {51},
  issn = {0165-1765},
  url = {http://www.sciencedirect.com/science/article/pii/0165176595007857},
  doi = {10.1016/0165-1765(95)00785-7},
  timestamp = {2015-09-08 22:52:07},
  number = {2},
  journaltitle = {Economics Letters},
  shortjournal = {Economics Letters},
  author = {Wansbeek, Tom and Bekker, Paul},
  date = {1996-05},
  pages = {145--152}
}


@article{Arellano1991,
  title = {Some Tests of Specification for Panel Data: Monte Carlo Evidence and an Application to Employment Equations},
  volume = {58},
  issn = {00346527},
  doi = {10.2307/2297968},
  eprint = {2297968},
  number = {2},
  journaltitle = {The Review of Economic Studies},
  shortjournal = {The Review of Economic Studies},
  author = {Arellano, Manuel and Bond, Stephen},
  date = {1991-04-01},
  pages = {277--297}
}

@book{Wooldridge2010,
  location = {Cambridge, {MA}},
  edition = {2},
  title = {Econometric Analysis of Cross Section and Panel Data},
  timestamp = {2015-09-08 19:49:00},
  publisher = {{MIT} Press},
  author = {Wooldridge, M, Jeffrey},
  date = {2010}
}


@book{Wooldridge2000,
  title = {Introductory Econometrics: A Modern Approach},
  publisher = {South-Western College Publishing},
  author = {Wooldridge, M, Jeffrey},
  date = {2000}
}



@article{Bollen2010,
  title = {A General Panel Model with Random and Fixed Effects: A Structural Equations Approach},
  volume = {89},
  number = {1},
  journaltitle = {Social Forces},
  shortjournal = {Soc. Forces},
  author = {Bollen, Kenneth A. and Brand, Jennie E.},
  date = {2010},
  pages = {1--34},
  langid = {english},
  keywords = {Economic models,Permits,Sociology,Software,Studies,Variables}
}

@book{Harvey1990,
  location = {Cambridge, MA},
  edition = {2},
  title = {The Econometric Analysis of Time Series},
  timestamp = {2015-09-08 16:56:57},
  publisher = {MIT Press},
  author = {Harvey, Andrew C.},
  date = {1990},
  note = {harvey1990}
}

@article{Smith2014,
  title = {Dynamic Decision Making: A Model of Senior Leaders Managing Strategic Paradoxes},
  volume = {57},
  url = {http://amj.aom.org/content/57/6/1592.abstract},
  doi = {10.5465/amj.2011.0932},
  number = {6},
  journaltitle = {Academy of Management Journal},
  shortjournal = {Academy of Management Journal},
  author = {Smith, Wendy K.},
  date = {2014-12-01},
  pages = {1592--1623}
}


@article{vonEye2012,
author = {Alexander {von Eye} and Richard P. DeShon},
title = {Directional dependence in developmental research},
journal = {International Journal of Behavioral Development},
volume = {36},
number = {4},
pages = {303-312},
year = {2012},
doi = {10.1177/0165025412439968},
URL = {https://doi.org/10.1177/0165025412439968},
eprint = {https://doi.org/10.1177/0165025412439968}
}

@book{McElreath2016,
  title={Statistical Rethinking: A Bayesian Course with Examples in R and Stan},
  author={McElreath, R.},
  isbn={9781482253467},
  series={Chapman \& Hall/CRC Texts in Statistical Science},
  year={2016},
  publisher={CRC Press}
}

@book{Bollen1989,
  title={Structural Equations with Latent Variables},
  author={Kenneth A. Bollen},
  isbn={9780471011712},
  lccn={lc88027272},
  series={Wiley series in probability and mathematical statistics. Applied probability and statistics section},
  year={1989},
  publisher={Wiley}
}


@Manual{R-base,
  title = {R: A Language and Environment for Statistical Computing},
  author = {{R Core Team}},
  organization = {R Foundation for Statistical Computing},
  address = {Vienna, Austria},
  year = {2017},
  url = {https://www.R-project.org/},
}

@Manual{R-papaja,
  author = {Frederik Aust and Marius Barth},
  title = {{papaja}: {Create} {APA} manuscripts with {R Markdown}},
  year = {2017},
  note = {R package version 0.1.0.9492},
  url = {https://github.com/crsh/papaja},
}

@Book{R-knitr,
  title = {Dynamic Documents with {R} and knitr},
  author = {Yihui Xie},
  publisher = {Chapman and Hall/CRC},
  address = {Boca Raton, Florida},
  year = {2015},
  edition = {2nd},
  note = {ISBN 978-1498716963},
  url = {https://yihui.name/knitr/},
}

@Book{R-ggplot2,
  author = {Hadley Wickham},
  title = {ggplot2: Elegant Graphics for Data Analysis},
  publisher = {Springer-Verlag New York},
  year = {2009},
  isbn = {978-0-387-98140-6},
  url = {http://ggplot2.org},
}

@article{Mathieu2006,
  title={Clarifying conditions and decision points for mediational type inferences in organizational behavior},
  author={John E Mathieu and Scott R Taylor},
  journal={Journal of Organizational Behavior},
  volume={27},
  number={8},
  pages={1031--1056},
  year={2006}
}

@article{Braun2013,
  title={Spurious relationships in growth curve modeling: The effects of stochastic trends on regression-based models},
  author={Braun, Michael T and Kuljanin, Goran and DeShon, Richard P},
  journal={Modern Research Methods for the Study of Behaviour in Organisations, New York: Routledge},
  pages={161--198},
  year={2013}
}


@article{Bergh1995,
  title={Problems with repeated measures analysis: Demonstration with a study of the diversification and performance relationship},
  author={Bergh, Donald D},
  journal={Academy of Management Journal},
  volume={38},
  number={6},
  pages={1692--1708},
  year={1995}
}

@incollection{DeShon2012,
  title={Multivariate dynamics in organizational science},
  author={Richard P DeShon},
  editor={Steve W J Kozlowski},
  booktitle={The Oxford handbook of organizational psychology},
  publisher={Oxford University Press},
  pages={117--142},
  year={2012}
}

@book{Cook1979,
  title={Quasi-experimentation: Design \& analysis issues for field settings},
  author={Cook, Thomas D and Campbell, Donald Thomas and Day, Arles},
  volume={351},
  year={1979},
  publisher={Houghton Mifflin Boston}
}


@book{Howson2006,
  title={Scientific reasoning: the Bayesian approach},
  author={Howson, Colin and Urbach, Peter},
  year={2006},
  publisher={Open Court Publishing}
}

@article{Freedman1999,
  title={From association to causation: some remarks on the history of statistics},
  author={Freedman, David A},
  journal={Journal de societe francaise de statistique, 140 (5)},
  pages={5--32},
  year={1999}
}

@article{Holland1988,
  title={Causal inference, path analysis and recursive structural equations models},
  author={Holland, Paul W},
  journal={ETS Research Report Series},
  volume={1988},
  number={1},
  year={1988}
}

@article{Shadish2002,
  title={Construct validity and external validity},
  author={Shadish, William R and Cook, Thomas D and Campbell, Donald T},
  journal={Experimental and quasi-experimental designs for generalized causal inference},
  pages={64--102},
  year={2002}
}

@article{Ployhart2010,
  title={Longitudinal research: The theory, design, and analysis of change},
  author={Ployhart, Robert E and Vandenberg, Robert J},
  journal={Journal of Management},
  volume={36},
  number={1},
  pages={94--120},
  year={2010}
}


@incollection{Ployhart2008,
  title={The measurement and analysis of motivation.},
  author={Ployhart, Robert E},
  editor={Ruth Kanfer and Gilad Chen and Richard D Pritchard},
  booktitle={Work motivation},
  pages={18-61},
  publisher={New York: Routledge},
  year={2008}
}

@article{George2000,
  title={The role of time in theory and theory building},
  author={George, Jennifer M and Jones, Gareth R},
  journal={Journal of management},
  volume={26},
  number={4},
  pages={657--684},
  year={2000}
}

@article{Mitchell2001,
  title={Building better theory: Time and the specification of when things happen},
  author={Mitchell, Terence R and James, Lawrence R},
  journal={Academy of Management Review},
  volume={26},
  number={4},
  pages={530--547},
  year={2001}
}

@article{Aguinis2014,
  title={Methodological wishes for the next decade and how to make wishes come true},
  author={Aguinis, Herman and Edwards, Jeffrey R},
  journal={Journal of Management Studies},
  volume={51},
  number={1},
  pages={143--174},
  year={2014}
}

@article{Vancouver2006,
  title={When self-efficacy negatively relates to motivation and performance in a learning context.},
  author={Vancouver, Jeffrey B and Kendall, Laura N},
  journal={Journal of Applied Psychology},
  volume={91},
  number={5},
  pages={1146--1153},
  year={2006}
}

@article{Molenaar2004,
  title={A manifesto on psychology as idiographic science: Bringing the person back into scientific psychology, this time forever},
  author={Molenaar, Peter},
  journal={Measurement},
  volume={2},
  number={4},
  pages={201--218},
  year={2004}
}

@article{Sonnentag2012,
  title={Dynamic performance},
  author={Sonnentag, Sabine and Frese, Michael},
  journal={The Oxford handbook of organizational psychology},
  volume={1},
  pages={548--575},
  year={2012}
}

@incollection{Dalal2008,
  title={Motivation for what? A multivariate dynamic perspective of the criterion},
  author={Dalal, Reeshad S and Hulin, Charles L},
  editor={Ruth Kanfer and Gilad Chen and Richard D Pritchard},
  booktitle={Work motivation: Past, present, and future}, 
  pages={63--100},
  year={2008},
  publisher={New York: Taylor}
}

@article{Neal2017,
  title={Dynamic Self-Regulation and Multiple-Goal Pursuit},
  author={Neal, Andrew and Ballard, Timothy and Vancouver, Jeffrey B},
  journal={Annual Review of Organizational Psychology and Organizational Behavior},
  volume={4},
  pages={401--423},
  year={2017}
}

@article{Kozlowski2006,
  title={Enhancing the effectiveness of work groups and teams},
  author={Kozlowski, Steve W J and Ilgen, Daniel R},
  journal={Psychological science in the public interest},
  volume={7},
  number={3},
  pages={77--124},
  year={2006}
}

@incollection{Kozlowski2000,
  title={A multilevel approach to theory and research in organizations: Contextual, temporal, and emergent processes.},
  author={Steve W J Kozlowski and Katherine J Klein},
  editor={Katherine J Klein and Steve W J Kozlowski},
  booktitle={Multilevel theory, research, and methods in organizations},
  publisher={San Francisco: Jossey-Bass},
  pages={3–90},
  year={2000}
}


@article{Mathieu2015,
author={John E Mathieu and Michael R Kukenberger and Lauren D’Innocenzo and Greg Reilly},
year={2015},
month={05},
title={Modeling reciprocal team cohesion performance relationships, as impacted by shared leadership and members’ competence},
journal={Journal of Applied Psychology},
volume={100},
number={3},
pages={713-734},
isbn={0021-9010, 0021-9010},
language={English}
}


@article{Chun2014,
  title={Members needs, intragroup conflict, and group performance.},
  author={Chun, Jinseok S and Choi, Jin Nam},
  journal={Journal of Applied Psychology},
  volume={99},
  number={3},
  pages={437},
  year={2014}
}

@article{Piening2013,
  title={The relationship between employees' perceptions of human resource systems and organizational performance: Examining mediating mechanisms and temporal dynamics.},
  author={Piening, Erk P and Baluch, Alina M and Salge, Torsten Oliver},
  journal={Journal of Applied Psychology},
  volume={98},
  number={6},
  pages={926},
  year={2013}
}

@article{Sonnentag2008,
  title={"Did you have a nice evening?" A day-level study on recovery experiences, sleep, and affect.},
  author={Sonnentag, Sabine and Binnewies, Carmen and Mojza, Eva J},
  journal={Journal of Applied Psychology},
  volume={93},
  number={3},
  pages={674},
  year={2008}
}

@article{Wang2010,
  title={Daily work--family conflict and alcohol use: Testing the cross-level moderation effects of peer drinking norms and social support.},
  author={Mo Wang and Songqi Liu and Yujie Zhan and Junqi Shi},
  journal={Journal of Applied Psychology},
  volume={95},
  number={2},
  pages={377},
  year={2010}
}

@book{Nef2016,
  title={The Self-Tracking},
  author={Neff, Gina and Nafus, Dawn},
  year={2016},
  publisher={MIT Press}
}



@article{Scandura2000,
  title={Research methodology in management: Current practices, trends, and implications for future research},
  author={Scandura, Terri A and William, Ethlyn A},
  journal={Academy of Management journal},
  volume={43},
  number={6},
  pages={1248--1264},
  year={2000}
}

@article{Aiken2008,
  title={Doctoral training in statistics, measurement, and methodology in psychology: replication and extension of Aiken, West, Sechrest, and Reno's (1990) survey of PhD programs in North America.},
  author={Aiken, Leona S and West, Stephen G and Millsap, Roger E},
  journal={American Psychologist},
  volume={63},
  number={1},
  pages={32},
  year={2008}
}

@article{Tett2013,
  title={The 2011 SIOP graduate program benchmarking survey part 3: Curriculum and competencies},
  author={Tett, RP and Walser, B and Brown, C and Simonet, DV and Tonidandel, S},
  journal={The Industrial Organizational Psychologist},
  volume={50},
  number={4},
  pages={69--89},
  year={2013}
}

@article{Kuljanin2011,
  title={A cautionary note on modeling growth trends in longitudinal data.},
  author={Kuljanin, Goran and Braun, Michael T and DeShon, Richard P},
  journal={Psychological methods},
  volume={16},
  number={3},
  pages={249},
  year={2011}
}

@article{Jebb2015,
  title={Time series analysis for psychological research: examining and forecasting change},
  author={Jebb, Andrew T and Tay, Louis and Wang, Wei and Huang, Qiming},
  journal={Frontiers in psychology},
  volume={6},
  number={727},
  year={2015}
}

@article{Pitariu2010,
  title={Explaining change: Theorizing and testing dynamic mediated longitudinal relationships},
  author={Pitariu, Adrian H and Ployhart, Robert E},
  journal={Journal of Management},
  volume={36},
  number={2},
  pages={405--429},
  year={2010}
}

@article{Bliese2002,
  title={Growth modeling using random coefficient models: Model building, testing, and illustrations},
  author={Bliese, Paul D and Ployhart, Robert E},
  journal={Organizational Research Methods},
  volume={5},
  number={4},
  pages={362--387},
  year={2002}
}

@article{Schonfeld2007,
  title={Hierarchical linear modeling in organizational research: Longitudinal data outside the context of growth modeling},
  author={Schonfeld, Irvin Sam and Rindskopf, David},
  journal={Organizational Research Methods},
  volume={10},
  number={3},
  pages={417--429},
  year={2007}
}



@article{Liu2012,
  title={Selecting a linear mixed model for longitudinal data: repeated measures analysis of variance, covariance pattern model, and growth curve approaches.},
  author={Liu, Siwei and Rovine, Michael J and Molenaar, Peter},
  journal={Psychological methods},
  volume={17},
  number={1},
  pages={15},
  year={2012}
}

@article{Wang2016,
author = {Mo Wang and Le Zhou and Zhen Zhang},
title = {Dynamic Modeling},
journal = {Annual Review of Organizational Psychology and Organizational Behavior},
volume = {3},
number = {1},
pages = {241-266},
year = {2016},
doi = {10.1146/annurev-orgpsych-041015-062553}
}

@article{Scott2011,
  title={A multilevel field investigation of emotional labor, affect, work withdrawal, and gender},
  author={Scott, Brent A and Barnes, Christopher M},
  journal={Academy of management journal},
  volume={54},
  number={1},
  pages={116--136},
  year={2011}
}

@article{Lanaj2014,
  title={Beginning the workday yet already depleted? Consequences of late-night smartphone use and sleep},
  author={Lanaj, Klodiana and Johnson, Russell E and Barnes, Christopher M},
  journal={Organizational Behavior and Human Decision Processes},
  volume={124},
  number={1},
  pages={11--23},
  year={2014}
}

@article{Lanaj2016,
  title={Benefits of transformational behaviors for leaders: A daily investigation of leader behaviors and need fulfillment},
  author={Lanaj, Klodiana and Johnson, Russell E and Lee, Stephanie M},
  journal={Journal of Applied Psychology},
  volume={101},
  number={2},
  pages={237},
  year={2016}
}

@article{Koopman2016,
  title={Integrating the bright and dark sides of OCB: A daily investigation of the benefits and costs of helping others},
  author={Koopman, Joel and Lanaj, Klodiana and Scott, Brent A},
  journal={Academy of Management Journal},
  volume={59},
  number={2},
  pages={414--435},
  year={2016}
}

@article{Rosen2016,
  title={Who strikes back? A daily investigation of when and why incivility begets incivility.},
  author={Rosen, Christopher C and Koopman, Joel and Gabriel, Allison S and Johnson, Russell E},
  year={2016},
  journal={Journal of Applied Psychology},
  volume={101},
  number={11},
  pages={1620–1634}
}



@article{Lanaj2016b,
  title={When lending a hand depletes the will: The daily costs and benefits of helping.},
  author={Lanaj, Klodiana and Johnson, Russell E and Wang, Mo},
  journal={Journal of Applied Psychology},
  volume={101},
  number={8},
  pages={1097},
  year={2016}
}

@article{Johnson2014,
  title={The good and bad of being fair: Effects of procedural and interpersonal justice behaviors on regulatory resources.},
  author={Johnson, Russell E and Lanaj, Klodiana and Barnes, Christopher M},
  journal={Journal of Applied Psychology},
  volume={99},
  number={4},
  pages={635},
  year={2014}
}

@article{Gabriel2017,
  title={Helping others or helping oneself? An episodic examination of the behavioral consequences of helping at work},
  author={Gabriel, Allison S and Koopman, Joel and Rosen, Christopher C and Johnson, Russell E},
  journal={Personnel Psychology},
  volume={101},
  number={3},
  pages={379--391},
  year={2017}
}

@article{Brannick1995,
  title={Critical comments on applying covariance structure modeling},
  author={Brannick, Michael T},
  journal={Journal of Organizational Behavior},
  volume={16},
  number={3},
  pages={201--213},
  year={1995}
}

@article{Williams1995,
  title={Covariance structure modeling in organizational research: Problems with the method versus applications of the method},
  author={Larry J Williams},
  journal={Journal of Organizational Behavior},
  volume={16},
  number={3},
  pages={225--233},
  year={1995}
}

@inproceedings{Dawid2010,
  title={Beware of the DAG!},
  author={Dawid, A Philip},
  booktitle={Causality: Objectives and Assessment},
  pages={59--86},
  year={2010}
}

@article{Binning1989,
  title={Validity of personnel decisions: A conceptual analysis of the inferential and evidential bases.},
  author={Binning, John F and Barrett, Gerald V},
  journal={Journal of Applied Psychology},
  volume={74},
  number={3},
  pages={478},
  year={1989}
}

@article{Pearl2009,
  title={Causal inference in statistics: An overview},
  author={Pearl, Judea},
  journal={Statistics surveys},
  volume={3},
  pages={96--146},
  year={2009}
}

@book{Kuhn1970,
  title={The Structure of Scientific Revolutions},
  author={Kuhn, Thomas S},
  year={1970},
  publisher={Chicago: University of Chicago Press}

}

@article{Freedman1991,
  title={Statistical models and shoe leather},
  author={Freedman, David A},
  journal={Sociological methodology},
  pages={291--313},
  year={1991}
}

@article{Dawid2016,
  title={From statistical evidence to evidence of causality},
  author={Dawid, A Philip and Musio, Monica and Fienberg, Stephen E},
  journal={Bayesian Analysis},
  volume={11},
  number={3},
  pages={725--752},
  year={2016}
}

@article{Simon1954,
  title={Spurious correlation: a causal interpretation},
  author={Simon, Herbert A},
  journal={Journal of the American statistical Association},
  volume={49},
  number={267},
  pages={467--479},
  year={1954}
}

@article{Williams1986,
  title={Antecedents and consequences of satisfaction and commitment in turnover models: A reanalysis using latent variable structural equation methods.},
  author={Larry J Williams and John T Hazer},
  journal={Journal of applied psychology},
  volume={71},
  number={2},
  pages={219},
  year={1986}
}

@article{Wainer2006,
  title={28 Three Statistical Paradoxes in the Interpretation of Group Differences: Illustrated with Medical School Admission and Licensing Data},
  author={Wainer, Howard and Brown, Lisa M},
  journal={Handbook of statistics},
  volume={26},
  pages={893--918},
  year={2006}
}

@article{Mcgrath1981,
  title={Dilemmatics: The study of research choices and dilemmas},
  author={McGrath, Joseph E},
  journal={American Behavioral Scientist},
  volume={25},
  number={2},
  pages={179--210},
  year={1981}
}

@article{Blalock1971,
  title={Causal models involving unmeasured variables in stimulus-response situations},
  author={Blalock, Hubert M},
  journal={Causal models in the social sciences},
  pages={335--347},
  year={1971}
}

@incollection{Pearl2012,
  title={The causal foundations of structural equation modeling},
  author={Pearl, Judea},
  editor={R H Hoyle},
  booktitle={Handbook of structural equation modeling},
  publisher={New York: Guilford Press},
  year={2012}
}

@article{Mathieu2008,
  title={Mediational inferences in organizational research: Then, now, and beyond},
  author={John E Mathieu and Richard P DeShon and Donald D Bergh},
  journal={Organizational Research Methods},
  volume={11},
  number={2},
  pages={203--223},
  year={2008}
}

@article{Anderson1992,
  title={Assumptions about unmeasured variables with studies of reciprocal relationships: The case of employee attitudes.},
  author={Anderson, Stella E and Larry J Williams},
  journal={Journal of Applied Psychology},
  volume={77},
  number={5},
  pages={638},
  year={1992}
}

@book{Wooldridge2010,
  title={Econometric analysis of cross section and panel data},
  author={Wooldridge, Jeffrey M},
  year={2010},
  publisher={MIT press}
}

@article{Barcikowski1981,
  title={Statistical power with group mean as the unit of analysis},
  author={Barcikowski, Robert S},
  journal={Journal of Educational Statistics},
  volume={6},
  number={3},
  pages={267--285},
  year={1981},
  publisher={Sage Publications Sage CA: Thousand Oaks, CA}
}

@article{Antonakis2010,
  title={On making causal claims: A review and recommendations},
  author={Antonakis, John and Bendahan, Samuel and Jacquart, Philippe and Lalive, Rafael},
  journal={The Leadership Quarterly},
  volume={21},
  number={6},
  pages={1086--1120},
  year={2010}
}

@article{Oboyle2011,
author={O'Boyle, Ernest H., Jr. and Larry J Williams},
year={2011},
month={01},
title={Decomposing model fit: Measurement vs. theory in organizational research using latent variables},
journal={Journal of Applied Psychology},
volume={96},
number={1},
pages={1-12}
}


@article{Grant2009,
  title={The neglected science and art of quasi-experimentation: Why-to, when-to, and how-to advice for organizational researchers},
  author={Grant, Adam M and Wall, Toby D},
  journal={Organizational Research Methods},
  volume={12},
  number={4},
  pages={653--686},
  year={2009}
}

@article{Beal2003,
  title={Methods of ecological momentary assessment in organizational research},
  author={Beal, Daniel J and Weiss, Howard M},
  journal={Organizational Research Methods},
  volume={6},
  number={4},
  pages={440--464},
  year={2003}
}

@article{Bergh1993,
  title={Watch the time carefully: The use and misuse of time effects in management research},
  author={Bergh, Donald D},
  journal={Journal of Management},
  volume={19},
  number={3},
  pages={683--705},
  year={1993}
}

@article{Engle1987,
  title={Co-integration and error correction: representation, estimation, and testing},
  author={Engle, Robert F and Granger, Clive WJ},
  journal={Econometrica: journal of the Econometric Society},
  pages={251--276},
  year={1987}
}

@article{Granger1974,
  title={Spurious regressions in econometrics},
  author={Granger, Clive WJ and Newbold, Paul},
  journal={Journal of econometrics},
  volume={2},
  number={2},
  pages={111--120},
  year={1974}
}

@article{vonEye2012,
  title={Directional dependence in developmental research},
  author={von Eye, Alexander and DeShon, Richard P},
  journal={International Journal of Behavioral Development},
  volume={36},
  number={4},
  pages={303--312},
  year={2012}
}

@article{Smaldino2016,
  title={The natural selection of bad science},
  author={Smaldino, Paul E and McElreath, Richard},
  journal={Royal Society open science},
  volume={3},
  number={9},
  pages={160384},
  year={2016}
}

@article{Wheeler1991,
  title={Self-recording of everyday life events: Origins, types, and uses},
  author={Wheeler, Ladd and Reis, Harry T},
  journal={Journal of personality},
  volume={59},
  number={3},
  pages={339--354},
  year={1991}
}

@article{Schonfeld2007,
  title={Hierarchical linear modeling in organizational research: Longitudinal data outside the context of growth modeling},
  author={Schonfeld, Irvin Sam and Rindskopf, David},
  journal={Organizational Research Methods},
  volume={10},
  number={3},
  pages={417--429},
  year={2007}
}

@book{Finch2014,
  title={Multilevel modeling using R},
  author={Finch, W Holmes and Bolin, Jocelyn E and Kelley, Ken},
  year={2014},
  publisher={Crc Press}
}

@Manual{R-base,
  title = {R: A Language and Environment for Statistical Computing},
  author = {{R Core Team}},
  organization = {R Foundation for Statistical Computing},
  address = {Vienna, Austria},
  year = {2017},
  url = {https://www.R-project.org/},
}

@Manual{R-bindrcpp,
  title = {bindrcpp: An 'Rcpp' Interface to Active Bindings},
  author = {Kirill Müller},
  year = {2017},
  note = {R package version 0.2},
  url = {https://CRAN.R-project.org/package=bindrcpp},
}

@Manual{R-dplyr,
  title = {dplyr: A Grammar of Data Manipulation},
  author = {Hadley Wickham and Romain Francois and Lionel Henry and Kirill Müller},
  year = {2017},
  note = {R package version 0.7.4},
  url = {https://CRAN.R-project.org/package=dplyr},
}

@Book{R-ggplot2,
  author = {Hadley Wickham},
  title = {ggplot2: Elegant Graphics for Data Analysis},
  publisher = {Springer-Verlag New York},
  year = {2009},
  isbn = {978-0-387-98140-6},
  url = {http://ggplot2.org},
}

@Article{R-lavaan,
  title = {{lavaan}: An {R} Package for Structural Equation Modeling},
  author = {Yves Rosseel},
  journal = {Journal of Statistical Software},
  year = {2012},
  volume = {48},
  number = {2},
  pages = {1--36},
  url = {http://www.jstatsoft.org/v48/i02/},
}

@Article{R-lubridate,
  title = {Dates and Times Made Easy with {lubridate}},
  author = {Garrett Grolemund and Hadley Wickham},
  journal = {Journal of Statistical Software},
  year = {2011},
  volume = {40},
  number = {3},
  pages = {1--25},
  url = {http://www.jstatsoft.org/v40/i03/},
}

@Manual{R-papaja,
  author = {Frederik Aust and Marius Barth},
  title = {{papaja}: {Create} {APA} manuscripts with {R Markdown}},
  year = {2017},
  note = {R package version 0.1.0.9492},
  url = {https://github.com/crsh/papaja},
}

@Manual{R-purrr,
  title = {purrr: Functional Programming Tools},
  author = {Lionel Henry and Hadley Wickham},
  year = {2017},
  note = {R package version 0.2.4},
  url = {https://CRAN.R-project.org/package=purrr},
}

@Manual{R-readr,
  title = {readr: Read Rectangular Text Data},
  author = {Hadley Wickham and Jim Hester and Romain Francois},
  year = {2017},
  note = {R package version 1.1.1},
  url = {https://CRAN.R-project.org/package=readr},
}

@Manual{R-stringr,
  title = {stringr: Simple, Consistent Wrappers for Common String Operations},
  author = {Hadley Wickham},
  year = {2017},
  note = {R package version 1.2.0},
  url = {https://CRAN.R-project.org/package=stringr},
}

@Manual{R-tibble,
  title = {tibble: Simple Data Frames},
  author = {Kirill Müller and Hadley Wickham},
  year = {2017},
  note = {R package version 1.3.4},
  url = {https://CRAN.R-project.org/package=tibble},
}

@Manual{R-tidyr,
  title = {tidyr: Easily Tidy Data with 'spread()' and 'gather()' Functions},
  author = {Hadley Wickham and Lionel Henry},
  year = {2017},
  note = {R package version 0.7.2},
  url = {https://CRAN.R-project.org/package=tidyr},
}

@Manual{R-tidyverse,
  title = {tidyverse: Easily Install and Load 'Tidyverse' Packages},
  author = {Hadley Wickham},
  year = {2017},
  note = {R package version 1.1.1},
  url = {https://CRAN.R-project.org/package=tidyverse},
}

@incollection{Miner2006,
  title={Multimethods in Industrial and Organizational Psychology: Expanding" Methods" to Include Longitudinal Designs.},
  author={Miner, Andrew G and Hulin, Charles L},
  editor={M Did and E Diener},
  booktitle={Handbook of multi method measurement in psychology},
  publisher={American Psychological Association},
  pages={429—439},
  year={2006}
}

@article{Wainer1991,
  title={Adjusting for differential base rates: Lord's paradox again.},
  author={Wainer, Howard},
  journal={Psychological bulletin},
  volume={109},
  number={1},
  pages={147},
  year={1991}
}

@article{Williams2003,
  title={Recent advances in causal modeling methods for organizational and management research},
  author={Larry J Williams and Jeffrey R Edwards and Robert J Vandenberg},
  journal={Journal of management},
  volume={29},
  number={6},
  pages={903--936},
  year={2003}
}

@article{Weinhardt2012,
  title={Computational models and organizational psychology: Opportunities abound},
  author={Weinhardt, Justin M and Vancouver, Jeffrey B},
  journal={Organizational Psychology Review},
  volume={2},
  number={4},
  pages={267--292},
  year={2012}
}

@book{Ilgen2000,
  title={Computational modeling of behavior in organizations: The third scientific discipline.},
  author={Ilgen, Daniel R and Hulin, Charles L},
  year={2000},
  publisher={American Psychological Association}
}

@book{Edwards2010,
  title={Organizational transformation for sustainability: An integral metatheory},
  author={Mark Edwards},
  year={2010},
  publisher={Routledge}
}

@article{Leavitt2010,
  title={Theory pruning: Strategies to reduce our dense theoretical landscape},
  author={Leavitt, Keith and Mitchell, Terence R and Peterson, Jeff},
  journal={Organizational Research Methods},
  volume={13},
  number={4},
  pages={644--667},
  year={2010}
}

@article{Cortina2017,
  title={Twilight of dawn or of evening? A century of research methods in the Journal of Applied Psychology.},
  author={Cortina, Jose M and Aguinis, Herman and DeShon, Richard P},
  journal={Journal of Applied Psychology},
  volume={102},
  number={3},
  pages={274},
  year={2017}
}

@article{Cucina2016,
  title={Pseudotheory proliferation is damaging the organizational sciences},
  author={Cucina, Jeffrey M and McDaniel, Michael A},
  journal={Journal of Organizational Behavior},
  volume={37},
  number={8},
  pages={1116--1125},
  year={2016}
}

@article{Cortina2016,
  title={Defining and operationalizing theory},
  author={Cortina, Jose M},
  journal={Journal of Organizational Behavior},
  volume={37},
  number={8},
  pages={1142--1149},
  year={2016}
}

@article{Hambrick2007,
  title={The field of management's devotion to theory: Too much of a good thing?},
  author={Hambrick, Donald C},
  journal={Academy of Management Journal},
  volume={50},
  number={6},
  pages={1346--1352},
  year={2007}
}

@article {Mathieu2016,
author = {Mathieu, John E},
title = {The problem with [in] management theory},
journal = {Journal of Organizational Behavior},
volume = {37},
number = {8},
issn = {1099-1379},
doi = {10.1002/job.2114},
pages = {1132--1141},
year = {2016}
}

@article{Cortina2017,
  title={Degrees of freedom in SEM: Are we testing the models that we claim to test?},
  author={Cortina, Jose M and Green, Jennifer P and Keeler, Kathleen R and Vandenberg, Robert J},
  journal={Organizational Research Methods},
  volume={20},
  number={3},
  pages={350--378},
  year={2017}
}

@book{Dubin1976,
  title={Theory building},
  author={Dubin, Robert},
  year={1976},
  publisher={New York: Free Press}
}

@article{Whetten1989,
  title={What constitutes a theoretical contribution?},
  author={Whetten, David A},
  journal={Academy of management review},
  volume={14},
  number={4},
  pages={490--495},
  year={1989}
}

@article{Mitchell2001,
  title={Building better theory: Time and the specification of when things happen},
  author={Mitchell, Terence R and James, Lawrence R},
  journal={Academy of Management Review},
  volume={26},
  number={4},
  pages={530--547},
  year={2001}
}

@article{Landy1987,
  title={Motivation theory reconsidered.},
  author={Landy, Frank J and Becker, Wendy S},
  journal={Research in organizational behavior},
  year={1987}
}

@article{Platt1964,
  title={Strong inference},
  author={Platt, John R},
  journal={science},
  volume={146},
  number={3642},
  pages={347--353},
  year={1964}
}

@article{Schmitt1978,
  title={Path analysis of multitrait-multimethod matrices},
  author={Schmitt, Neal},
  journal={Applied Psychological Measurement},
  volume={2},
  number={2},
  pages={157--173},
  year={1978}
}

@book{Deutsch2011,
  title={The beginning of infinity: Explanations that transform the world},
  author={Deutsch, David},
  year={2011},
  publisher={Penguin UK}
}

@incollection{Weiss1996,
  title={Affective events theory: A theoretical discussion of the structure, causes and consequences of affective experiences at work.},
  author={Weiss, Howard M and Cropanzano, Russell},
  editor={B M Staw and L L Cummings},
  booktitle={Research in organization behavior},
  year={1996},
  pages={1—74},
  publisher={JAI Press}
}

@article{Grandey2000,
  title={Emotional regulation in the workplace: A new way to conceptualize emotional labor.},
  author={Grandey, Alicia A},
  journal={Journal of occupational health psychology},
  volume={5},
  number={1},
  pages={95},
  year={2000}
}

@article{Baumeister2000,
  title={Ego depletion: A resource model of volition, self-regulation, and controlled processing},
  author={Baumeister, Roy F and Muraven, Mark and Tice, Dianne M},
  journal={Social cognition},
  volume={18},
  number={2},
  pages={130--150},
  year={2000}
}

@article{Einstein1911,
  title={Investigations on the Theory of the Brownian Movement},
  author={Einstein, Albert},
  journal={Annal. Physik},
  volume={34},
  pages={591--592},
  year={1911}
}

@article{Heisenberg1927,
  title={{\"U}ber den anschaulichen Inhalt der quantentheoretischen Kinematik und Mechanik [The ideological content of quantum theoretical kinematics and mechanics]},
  author={Heisenberg, Werner},
  booktitle={Original Scientific Papers Wissenschaftliche Originalarbeiten},
  pages={478--504},
  year={1927}
}

@article{Granger2004,
  title={Time series analysis, cointegration, and applications},
  author={Clive WJ Granger},
  journal={American Economic Review},
  pages={421--425},
  year={2004}
}

@article{Mook1983,
  title={In defense of external invalidity.},
  author={Mook, Douglas G},
  journal={American psychologist},
  volume={38},
  number={4},
  pages={379},
  year={1983}
}

@article{Cortina2011,
  title={The earth is not round (p=. 00)},
  author={Cortina, Jose M and Landis, Ronald S},
  journal={Organizational Research Methods},
  volume={14},
  number={2},
  pages={332--349},
  year={2011}
}

@article{Gigerenzer1998,
  title={Surrogates for theories},
  author={Gigerenzer, Gerd},
  journal={Theory \& Psychology},
  volume={8},
  number={2},
  pages={195--204},
  year={1998}
}

@article{Meehl1990,
  title={Why summaries of research on psychological theories are often uninterpretable},
  author={Meehl, Paul E},
  journal={Psychological reports},
  volume={66},
  number={1},
  pages={195--244},
  year={1990}
}

@article{Meehl1967,
  title={Theory-testing in psychology and physics: A methodological paradox},
  author={Meehl, Paul E},
  journal={Philosophy of science},
  volume={34},
  number={2},
  pages={103--115},
  year={1967}
}

@article{McGrath1981,
  title={Dilemmatics: The study of research choices and dilemmas},
  author={McGrath, Joseph E},
  journal={American Behavioral Scientist},
  volume={25},
  number={2},
  pages={179--210},
  year={1981}
}

@article{Schmitt1978,
  title={Path analysis of multitrait-multimethod matrices},
  author={Schmitt, Neal},
  journal={Applied Psychological Measurement},
  volume={2},
  number={2},
  pages={157--173},
  year={1978}
}


@article{Kirschbaum1993,
  title={Trier social stress test},
  author={Kirschbaum, Clemens},
  journal={Encyclopedia of psychopharmacology},
  pages={1755--1758},
  year={2015},
}


@Manual{R-base,
  title = {R: A Language and Environment for Statistical Computing},
  author = {{R Core Team}},
  organization = {R Foundation for Statistical Computing},
  address = {Vienna, Austria},
  year = {2017},
  url = {https://www.R-project.org/},
}
@Manual{R-papaja,
  author = {Frederik Aust and Marius Barth},
  title = {{papaja}: {Create} {APA} manuscripts with {R Markdown}},
  year = {2017},
  note = {R package version 0.1.0.9492},
  url = {https://github.com/crsh/papaja},
}



@article{sharot2016,
  title={Forming beliefs: Why valence matters},
  author={Sharot, Tali and Garrett, Neil},
  journal={Trends in cognitive sciences},
  volume={20},
  number={1},
  pages={25--33},
  year={2016},
  publisher={Elsevier}
}

@article{shah2016,
  title={A pessimistic view of optimistic belief updating},
  author={Shah, Punit and Harris, Adam JL and Bird, Geoffrey and Catmur, Caroline and Hahn, Ulrike},
  journal={Cognitive Psychology},
  volume={90},
  pages={71--127},
  year={2016},
  publisher={Elsevier}
}


@article{sharot2011,
  title={How unrealistic optimism is maintained in the face of reality},
  author={Sharot, Tali and Korn, Christoph W and Dolan, Raymond J},
  journal={Nature neuroscience},
  volume={14},
  number={11},
  pages={1475},
  year={2011},
  publisher={Nature Publishing Group}
}


@article{revelle2011,
  title={Individual differences and differential psychology},
  author={Revelle, William and Wilt, Joshua and Condon, David M},
  journal={The Wiley-Blackwell handbook of individual differences},
  pages={1--38},
  year={2011},
  publisher={Wiley-Blackwell}
}

@article{sackett2017,
  title={Individual differences and their measurement: A review of 100 years of research.},
  author={Sackett, Paul R and Lievens, Filip and Van Iddekinge, Chad H and Kuncel, Nathan R},
  journal={Journal of Applied Psychology},
  volume={102},
  number={3},
  pages={254},
  year={2017},
  publisher={American Psychological Association}
}



@article{franken2005,
  title={Individual differences in decision-making},
  author={Franken, Ingmar HA and Muris, Peter},
  journal={Personality and Individual Differences},
  volume={39},
  number={5},
  pages={991--998},
  year={2005},
  publisher={Elsevier}
}


@article{bruine2007,
  title={Individual differences in adult decision-making competence.},
  author={Bruine de Bruin, W{\"a}ndi and Parker, Andrew M and Fischhoff, Baruch},
  journal={Journal of personality and social psychology},
  volume={92},
  number={5},
  pages={938},
  year={2007},
  publisher={American Psychological Association}
}


@article{lepine1997,
  title={Effects of individual differences on the performance of hierarchical decision-making teams: Much more than g.},
  author={LePine, Jeffrey A and Hollenbeck, John R and Ilgen, Daniel R and Hedlund, Jennifer},
  journal={Journal of Applied Psychology},
  volume={82},
  number={5},
  pages={803},
  year={1997},
  publisher={American Psychological Association}
}


@article{kuzmanovic2017,
  title={Valence-Dependent Belief Updating: Computational Validation},
  author={Kuzmanovic, Bojana and Rigoux, Lionel},
  journal={Frontiers in psychology},
  volume={8},
  pages={1087},
  year={2017},
  publisher={Frontiers}
}


@article{korn2012,
  title={Positively biased processing of self-relevant social feedback},
  author={Korn, Christoph W and Prehn, Kristin and Park, Soyoung Q and Walter, Henrik and Heekeren, Hauke R},
  journal={Journal of Neuroscience},
  volume={32},
  number={47},
  pages={16832--16844},
  year={2012},
  publisher={Soc Neuroscience}
}


@article{garrett2017,
  title={Optimistic update bias holds firm: Three tests of robustness following Shah et al.},
  author={Garrett, Neil and Sharot, Tali},
  journal={Consciousness and cognition},
  volume={50},
  pages={12--22},
  year={2017},
  publisher={Elsevier}
}


@article{garrett2014,
  title={How robust is the optimistic update bias for estimating self-risk and population base rates?},
  author={Garrett, Neil and Sharot, Tali},
  journal={PLoS One},
  volume={9},
  number={6},
  pages={e98848},
  year={2014},
  publisher={Public Library of Science}
}



@article{tausch2010,
  title={Social dominance orientation attenuates stereotype change in the face of disconfirming information},
  author={Tausch, Nicole and Hewstone, Miles},
  journal={Social Psychology},
  year={2010},
  publisher={Hogrefe Publishing}
}


@incollection{ludvig2011,
  title={A primer on reinforcement learning in the brain: Psychological, computational, and neural perspectives},
  author={Ludvig, Elliot A and Bellemare, Marc G and Pearson, Keir G},
  booktitle={Computational neuroscience for advancing artificial intelligence: Models, methods and applications},
  pages={111--144},
  year={2011},
  publisher={IGI Global}
}


@article{kuzmanovic2016,
  title={The role of the neural reward circuitry in self-referential optimistic belief updates},
  author={Kuzmanovic, Bojana and Jefferson, Anneli and Vogeley, Kai},
  journal={NeuroImage},
  volume={133},
  pages={151--162},
  year={2016},
  publisher={Elsevier}
}


@article{sharot2012,
  title={How dopamine enhances an optimism bias in humans},
  author={Sharot, Tali and Guitart-Masip, Marc and Korn, Christoph W and Chowdhury, Rumana and Dolan, Raymond J},
  journal={Current Biology},
  volume={22},
  number={16},
  pages={1477--1481},
  year={2012},
  publisher={Elsevier}
}


@incollection{higgins1998,
  title={Promotion and prevention: Regulatory focus as a motivational principle},
  author={Higgins, E Tory},
  booktitle={Advances in experimental social psychology},
  volume={30},
  pages={1--46},
  year={1998},
  publisher={Elsevier}
}


@article{eison1981,
  title={A new instrument for assessing students' orientations towards grades and learning},
  author={Eison, James A},
  journal={Psychological Reports},
  volume={48},
  number={3},
  pages={919--924},
  year={1981},
  publisher={SAGE Publications Sage CA: Los Angeles, CA}
}


@article{nicholls1975,
  title={Causal attributions and other achievement-related cognitions: Effects of task outcome, attainment value, and sex.},
  author={Nicholls, John G},
  journal={Journal of Personality and Social Psychology},
  volume={31},
  number={3},
  pages={379},
  year={1975},
  publisher={American Psychological Association}
}


@article{dweck1986,
  title={Motivational processes affecting learning.},
  author={Dweck, Carol S},
  journal={American psychologist},
  volume={41},
  number={10},
  pages={1040},
  year={1986},
  publisher={American Psychological Association}
}


@article{farr1993,
  title={Goal orientation and action control theory: Implications for industrial and organizational psychology},
  author={Farr, James L and Hofmann, David A and Ringenbach, Kathleen L},
  journal={International review of industrial and organizational psychology},
  volume={8},
  number={2},
  pages={193--232},
  year={1993}
}


@article{payne2007,
  title={A meta-analytic examination of the goal orientation nomological net.},
  author={Payne, Stephanie C and Youngcourt, Satoris S and Beaubien, J Matthew},
  journal={Journal of applied psychology},
  volume={92},
  number={1},
  pages={128},
  year={2007},
  publisher={American Psychological Association}
}


@article{forster2003,
  title={Speed/accuracy decisions in task performance: Built-in trade-off or separate strategic concerns?},
  author={F{\"o}rster, Jens and Higgins, E Tory and Bianco, Amy Taylor},
  journal={Organizational Behavior and Human Decision Processes},
  volume={90},
  number={1},
  pages={148--164},
  year={2003},
  publisher={Elsevier}
}



@article{higgins2001,
  title={Achievement orientations from subjective histories of success: Promotion pride versus prevention pride},
  author={Higgins, E Tory and Friedman, Ronald S and Harlow, Robert E and Idson, Lorraine Chen and Ayduk, Ozlem N and Taylor, Amy},
  journal={European Journal of Social Psychology},
  volume={31},
  number={1},
  pages={3--23},
  year={2001},
  publisher={Wiley Online Library}
}


@article{shah1998,
  title={Performance incentives and means: how regulatory focus influences goal attainment.},
  author={Shah, James and Higgins, Tory and Friedman, Ronald S},
  journal={Journal of personality and social psychology},
  volume={74},
  number={2},
  pages={285},
  year={1998},
  publisher={American Psychological Association}
}



@article{scult2017,
  title={Individual differences in regulatory focus predict neural response to reward},
  author={Scult, Matthew A and Knodt, Annchen R and Hanson, Jamie L and Ryoo, Minyoung and Adcock, R Alison and Hariri, Ahmad R and Strauman, Timothy J},
  journal={Social neuroscience},
  volume={12},
  number={4},
  pages={419--429},
  year={2017},
  publisher={Taylor \& Francis}
}


@article{goetz2013,
  title={Genetic moderation of the association between regulatory focus and reward responsiveness: a proof-of-concept study},
  author={Goetz, Elena L and Hariri, Ahmad R and Pizzagalli, Diego A and Strauman, Timothy J},
  journal={Biology of mood \& anxiety disorders},
  volume={3},
  number={1},
  pages={3},
  year={2013},
  publisher={BioMed Central}
}



@article{ashton2002,
  title={What is the central feature of extraversion? Social attention versus reward sensitivity.},
  author={Ashton, Michael C and Lee, Kibeom and Paunonen, Sampo V},
  journal={Journal of personality and social psychology},
  volume={83},
  number={1},
  pages={245},
  year={2002},
  publisher={American Psychological Association}
}




@article{lucas2000,
  title={Cross-cultural evidence for the fundamental features of extraversion.},
  author={Lucas, Richard E and Diener, Ed and Grob, Alexander and Suh, Eunkook M and Shao, Liang},
  journal={Journal of personality and social psychology},
  volume={79},
  number={3},
  pages={452},
  year={2000},
  publisher={US: American Psychological Association}
}



@article{bartussek1993,
  title={Introversion-extraversion and event-related potential (ERP): A test of JA Gray's theory},
  author={Bartussek, Dieter and Diedrich, Oliver and Naumann, Ewald and Collet, Wilfried},
  journal={Personality and Individual Differences},
  volume={14},
  number={4},
  pages={565--574},
  year={1993},
  publisher={Elsevier}
}



@article{diaz1993,
  title={The relationship between Gray's and Eysenck's personality spaces},
  author={D{\'\i}az, Amelia and Pickering, Alan D},
  journal={Personality and Individual Differences},
  volume={15},
  number={3},
  pages={297--305},
  year={1993},
  publisher={Elsevier}
}



@article{campbell2003,
  title={Putting personality in social context: Extraversion, emergent leadership, and the availability of rewards},
  author={Campbell, Lorne and Simpson, Jeffry A and Stewart, Mark and Manning, John},
  journal={Personality and Social Psychology Bulletin},
  volume={29},
  number={12},
  pages={1547--1559},
  year={2003},
  publisher={Sage Publications}
}


@article{eysenck1972,
  title={Conditioning, introversion-extraversion and the strength of the nervous system},
  author={Eysenck, HJ and Levey, A},
  journal={Biological bases of individual behavior},
  pages={206--220},
  year={1972}
}



@article{gray1970,
  title={The psychophysiological basis of introversion-extraversion},
  author={Gray, Jeffrey A},
  journal={Behaviour research and therapy},
  volume={8},
  number={3},
  pages={249--266},
  year={1970},
  publisher={Elsevier}
}


@article{depue1999,
  title={Neurobiology of the structure of personality: Dopamine, facilitation of incentive motivation, and extraversion},
  author={Depue, Richard A and Collins, Paul F},
  journal={Behavioral and Brain Sciences},
  volume={22},
  number={3},
  pages={491--517},
  year={1999},
  publisher={Cambridge University Press}
}



@article{smillie2013,
  title={Extraversion and reward processing},
  author={Smillie, Luke D},
  journal={Current Directions in Psychological Science},
  volume={22},
  number={3},
  pages={167--172},
  year={2013},
  publisher={Sage Publications Sage CA: Los Angeles, CA}
}


@article{deyoung2010,
  title={Personality neuroscience and the biology of traits},
  author={DeYoung, Colin G},
  journal={Social and Personality Psychology Compass},
  volume={4},
  number={12},
  pages={1165--1180},
  year={2010},
  publisher={Wiley Online Library}
}



@article{smillie2008,
  title={What is reinforcement sensitivity? Neuroscience paradigms for approach-avoidance process theories of personality},
  author={Smillie, Luke D},
  journal={European Journal of Personality},
  volume={22},
  number={5},
  pages={359--384},
  year={2008},
  publisher={Wiley Online Library}
}



@article{cohen2005,
  title={Individual differences in extraversion and dopamine genetics predict neural reward responses},
  author={Cohen, Michael X and Young, Jennifer and Baek, Jong-Min and Kessler, Christopher and Ranganath, Charan},
  journal={Cognitive Brain Research},
  volume={25},
  number={3},
  pages={851--861},
  year={2005},
  publisher={Elsevier}
}



@article{ashton2009,
  title={The HEXACO--60: A short measure of the major dimensions of personality},
  author={Ashton, Michael C and Lee, Kibeom},
  journal={Journal of personality assessment},
  volume={91},
  number={4},
  pages={340--345},
  year={2009},
  publisher={Taylor \& Francis}
}

@Manual{R-gridExtra,
  title = {gridExtra: Miscellaneous Functions for "Grid" Graphics},
  author = {Baptiste Auguie},
  year = {2017},
  note = {R package version 2.3},
  url = {https://CRAN.R-project.org/package=gridExtra},
}
@Manual{R-stringi,
  title = {R package stringi: Character string processing facilities},
  author = {Marek Gagolewski},
  year = {2018},
  url = {http://www.gagolewski.com/software/stringi/},
}
@Article{R-reshape2,
  title = {Reshaping Data with the {reshape} Package},
  author = {Hadley Wickham},
  journal = {Journal of Statistical Software},
  year = {2007},
  volume = {21},
  number = {12},
  pages = {1--20},
  url = {http://www.jstatsoft.org/v21/i12/},
}
@Manual{R-forcats,
  title = {forcats: Tools for Working with Categorical Variables (Factors)},
  author = {Hadley Wickham},
  year = {2018},
  note = {R package version 0.3.0},
  url = {https://CRAN.R-project.org/package=forcats},
}
